3292 5006
549 428 760 495 ..gg-

135 595 188 664 καί
210 591 369 684 ῧφορμος,
391 593 590 684 καλούμενος
617 594 886 687 accomodaret.
931 599 1103 670 cercinum
1126 602 1180 670 de·

134 710 334 794 scriptionem
353 704 497 793 eandem,
519 730 613 794 qnam
636 712 694 778 hos
711 712 791 780 duos
812 712 907 792 locos,
928 713 1066 796 speciem
1088 732 1181 796 prae-

133 821 216 902 bere,
239 823 311 903 quis
326 829 383 898 est,
405 824 460 905 qni
477 824 594 905 neget?
636 823 760 905 Ubique
776 823 916 890 eiusdem
938 824 1095 906 abruptae
1109 842 1181 890 ora·

135 933 228 998 tionis
250 952 326 1000 usus
341 939 399 1001 est.
444 933 507 1000 Sed
521 934 571 999 rel
586 932 649 1000 alio
672 935 807 1015 denique
829 936 921 1001 modo
944 940 1053 1001 nostra
1075 937 1181 1020 opinio

133 1047 378 1112 commendatur.
410 1047 549 1112 Adamat
563 1047 646 1112 enim
660 1046 880 1112 Artemidorus
896 1047 940 1125 id,
962 1048 1048 1129 quod
1060 1067 1085 1114 c.
1099 1049 1127 1128 1,
1141 1051 1180 1116 17

133 1157 299 1237 p8010.
329 1156 449 1224 factum
481 1165 546 1224 est:
586 1152 776 1242 (Κάνωβος)
811 1153 983 1243 ἐπώνυμος
1019 1154 1182 1244 Κανώβου

132 1267 188 1332 τοῦ
207 1263 379 1333 Μενελάου
400 1264 600 1357 κυβερνήτου,
624 1270 664 1335 de
686 1270 837 1350 personis,
858 1271 1047 1352 pracsertim
1071 1272 1110 1337 de
1131 1272 1181 1353 iis,

133 1381 265 1460 quaein
288 1378 408 1448 fabulis
429 1386 519 1460 sunt,
542 1381 669 1446 nomina
691 1381 826 1446 urbium·
840 1382 888 1446 vel
911 1375 1075 1464 regionum
1098 1383 1181 1448 deri·

133 1509 217 1572 vare,
240 1490 297 1558 cir.
319 1490 359 1558 fr.
382 1493 434 1575 87,
457 1493 541 1575 Epit.
564 1492 595 1575 9,
619 1492 669 1558 13.

217 1602 382 1668 Postremo
403 1622 469 1668 rem
485 1622 734 1686 commemorem,
757 1621 839 1685 quae
861 1605 1045 1672 estsimilis
1067 1606 1183 1672 indolis

133 1720 228 1794 atque
258 1733 313 1797 ea,
345 1733 439 1798 qnam
472 1717 566 1780 modo
596 1716 701 1782 attuli.
745 1715 895 1798 Legimus
926 1716 1008 1782 enim
1039 1718 1184 1799 c.1,14

133 1844 162 1906 p.
180 1826 240 1890 799
258 1825 296 1891 0:
319 1816 385 1890 εἶθ’
408 1821 564 1914 ὁΔὲρρις
585 1825 689 1915 λιμὴν,
710 1823 907 1911 καλούμενος
929 1822 1031 1906 οὕτως
1054 1827 1110 1894 διὰ
1125 1827 1182 1918 τὴν

134 1932 273 2022 πλησίον
303 1935 428 2022 πέτραν
459 1936 616 2022 μέλαιναν
649 1935 756 2026 δέρρει
789 1934 933 2004 ἐοικυῖαν
965 1947 999 2006 et
1032 1943 1182 2021 c.3,16

134 2065 164 2127 p.
180 2049 244 2115 834
267 2049 309 2114 Ο;
339 2047 396 2115 καὶ
417 2043 469 2116 e'rr'
502 2042 589 2138 αὐτῷ
610 2046 714 2136 λόφος
739 2042 866 2127 brunig
893 2047 1092 2136 καλούμενος
1115 2045 1182 2118 ἀπὸ

133 2157 190 2246 τῆς
218 2155 420 2248 ὁμοιόεηιος.
465 2165 568 2246 Atque
598 2164 717 2247 optime
748 2163 883 2246 accidit,
913 2170 950 2228 ut
980 2164 1012 2229 in
1036 2163 1074 2230 iis
1096 2163 1183 2248 freg-

135 2272 258 2354 mentis‚
281 2291 363 2355 qnae
377 2273 571 2340 Artemidori
593 2275 718 2340 nomine
733 2280 808 2342 nota
829 2281 913 2355 sunt,
936 2276 1084 2341 nonnulla
1107 2277 1182 2344 talis

135 2384 344 2466 etymologiae
365 2386 509 2467 exempla
531 2392 649 2466 extent,
671 2386 709 2451 fr.
732 2388 762 2468 3,
784 2387 836 2469 32,
852 2387 911 2470 86,
933 2387 985 2454 45.

218 2497 308 2576 Quae
338 2499 444 2564 omnia
476 2497 602 2564 abunde
632 2504 791 2564 testantur
822 2499 1057 2566 Artemidorum
1089 2499 1184 2566 huius

136 2607 249 2690 peripli
272 2615 434 2677 auctorem
463 2610 584 2694 essc1).
629 2609 708 2676 (lum
739 2610 838 2692 igitur
868 2610 911 2676 ad
933 2610 1067 2678 eundem
1089 2609 1183 2678 finem

137 2721 332 2800 pervenerim
360 2741 399 2788 ac
420 2722 538 2804 Vogel,
568 2740 673 2788 meum
706 2727 755 2788 est
777 2722 1003 2805 demonstrare,
1035 2723 1185 2789 caroius
1268 2741 1271 2750 ⁴

136 2834 370 2914 argumentatio
391 2833 470 2899 mihi
491 2851 552 2899 non
576 2833 764 2900 satisfaciat.
807 2832 878 2910 Qua
899 2834 932 2900 in
954 2853 989 2901 re
1003 2833 1186 2916 proficiscar

137 2943 175 3010 ab
196 2944 251 3010 illo
274 2951 478 3027 argumento,
508 2963 570 3027 quo
599 2945 799 3027 potissimum
828 2945 948 3012 nititur.
992 2945 1079 3012 Dicit
1101 2945 1184 3012 euim

138 3055 216 3138 inde,
239 3059 324 3140 quod
347 3057 428 3123 alins
451 3057 555 3122 nullus
577 3057 765 3124 circuituum
789 3058 940 3140 scriptor,
963 3077 1001 3123 cx
1022 3076 1084 3144 quo
1107 3057 1183 3140 qnid

140 3167 251 3235 Strabo
273 3169 432 3252 petiverit,
455 3171 548 3234 notus
569 3169 626 3249 sit,
648 3167 746 3251 effici,
770 3178 805 3234 ut
826 3169 1049 3236 Artemidorus
1070 3169 1102 3234 iu
1125 3170 1185 3236 hoc

225 3379 255 3456 l)
277 3379 386 3459 itaque
408 3399 462 3458 per
484 3398 516 3437 se
538 3378 723 3453 intellegitur
744 3396 769 3438 o.
793 3383 821 3451 8,
848 3383 884 3436 12
907 3400 936 3457 p.
954 3381 1013 3437 881
1039 3378 1070 3437 (l.
1093 3379 1186 3438 rerba

144 3457 176 3538 ἣν
204 3461 357 3535 ἐπικτίσας
388 3467 425 3524 ad
456 3460 644 3540 μετωνόμασε
677 3458 848 3540 Κασᾶρειαν
878 3483 897 3522 a
917 3465 1063 3524 Strabone
1093 3462 1185 3523 inter·

141 3553 233 3628 posita
248 3573 322 3613 esse.
338 3558 340 3564 '
367 3553 472 3630 Neque
486 3551 662 3612 inusitatum
684 3551 742 3609 hoc
757 3569 821 3608 esse
842 3549 874 3608 in
889 3550 1005 3628 periplo
1021 3548 1185 3627 Hispaniae

141 3639 338 3712 percurrendo
361 3639 497 3699 vidimus.

223 3724 356 3785 Alteram
377 3744 441 3784 rem
456 3725 513 3784 hoo
533 3723 599 3783 loco
616 3722 716 3781 statim
730 3722 845 3780 addam.
890 3721 994 3801 Neque
1010 3719 1089 3779 enim
1104 3725 1185 3780 recte

145 3808 231 3884 Vogel
254 3830 371 3870 sumere
393 3809 467 3869 mihi
489 3809 680 3880 videturne,
704 3827 779 3888 qnae
801 3826 826 3867 e
850 3812 878 3880 8,
903 3813 941 3866 20
965 3828 994 3884 p.
1012 3811 1071 3864 836
1095 3807 1125 3866 0.
1149 3807 1185 3865 de

146 3897 313 3956 Automalae
342 3895 485 3975 parallelo
516 3897 672 3966 dicuutur,
702 3893 894 3954 Eratostheni
923 3892 1081 3952 tribuenda
1112 3911 1185 3964 esse,

145 3983 277 4058 quoniam
309 3981 530 4042 Artemidorum
562 3999 681 4061 quoque
709 3981 745 4038 de
775 3977 946 4038 meridianis
978 3985 1008 4039 et
1034 3977 1185 4056 parallelis

145 4069 230 4128 rerba
250 4069 355 4130 iecisse
378 4068 495 4142 scimus,
518 4069 570 4129 cir.
594 4067 653 4128 Str.
675 4065 758 4128 XVL
775 4069 803 4140 4,
828 4069 845 4124 8
869 4085 898 4146 p.
915 4065 976 4126 769
1000 4064 1031 4134 0.
