3292 5006
636 441 849 507 ...69-

222 614 353 689 nuntur,
375 609 461 690 apud
483 610 659 675 Diodorum
682 630 741 676 non
766 615 892 692 extant,
915 614 1015 679 multo
1037 619 1144 680 autem
1169 615 1269 683 fusius

220 724 252 784 et
279 718 409 786 uberius
438 720 506 786 sola
527 719 654 788 Ctesias
684 725 866 789 coniectura
896 725 1040 808 neglecta
1071 725 1132 791 hae
1162 728 1203 793 de
1233 746 1269 793 re

218 829 352 896 Photius
374 832 393 915 ξ
415 832 500 900 2-6
523 833 600 914 agit.

304 940 454 1024 Sequitur
473 943 582 1026 igitur,
604 951 640 1009 nt
662 946 766 1010 omnia
788 945 828 1011 ab
851 946 926 1028 §18
947 967 979 1030 p.
997 946 1060 1015 776
1075 947 1109 1015 O.
1132 951 1174 1015 ad
1196 950 1269 1033 §20

218 1072 249 1134 p.
266 1054 329 1120 779
346 1053 378 1121 C.
404 1055 447 1120 ad
469 1054 567 1121 verba
589 1052 664 1133 τούς
686 1053 723 1122 δὲ
749 1053 905 1142 Περσέως
926 1055 995 1124 υἱὸν
1016 1051 1269 1145 ἀποφαίνεσθαι

221 1163 277 1230 τὸν
296 1157 461 1264 Ἐρύθραν,
483 1161 672 1254 ἡγήσασθαί
693 1190 727 1232 τε
749 1171 813 1232 τῶν
843 1163 956 1234 τόπων
977 1169 1173 1237 Artemidori
1195 1173 1269 1238 sint.

219 1277 266 1342 Ex
289 1277 390 1360 ipsius
413 1278 578 1345 Strabonis
601 1278 706 1346 uerbis
728 1280 788 1347 boe
810 1281 977 1363 elucescit,
1000 1283 1055 1363 qui
1077 1283 1164 1350 dieat
1187 1285 1205 1367 S
1229 1285 1269 1351 18

218 1388 259 1454 in.
279 1409 309 1472 p.
327 1389 389 1455 776
406 1389 446 1455 0:
473 1383 567 1455 Ταῦτ’
592 1386 776 1456 εἰπὼν...
799 1385 968 1457 εἰιιίνεισιν
989 1390 1049 1459 ἐπὶ
1070 1390 1268 1482 ταύς’Ἀρα-

218 1505 280 1583 βας
301 1507 335 1566 et
357 1500 453 1582 paulo
474 1508 563 1585 post:
587 1499 668 1588 φησί
690 1499 727 1568 δὲ
749 1499 906 1588 ἐνδοτέρω
927 1507 1067 1570 κεῖσθαι
1087 1509 1185 1571 τοῦτο
1198 1557 1206 1572 .
1219 1555 1227 1571 .
1239 1555 1269 1574 ..

219 1618 251 1677 et
266 1612 285 1695 ξ
302 1613 343 1678 19
358 1619 438 1679 extr.
453 1634 486 1697 p.
502 1614 564 1679 778
581 1615 619 1681 O:
642 1615 743 1680 ταῦτα
758 1613 819 1699 μὲν
835 1611 1051 1700 περὶτούτων
1071 1610 1178 1704 εἴρηκε
1179 1667 1268 1699 .....

217 1721 257 1789 ταὶ
281 1721 318 1790 δὲ
339 1721 396 1789 καὶ
414 1723 505 1812 παρὰ
527 1728 591 1789 τῶν
606 1717 714 1790 ἄλλων
736 1721 908 1814 ἱστορικῶν
923 1723 1159 1815 παρατίθησιν,
1185 1731 1268 1797 undo

218 1837 407 1918 dependent,
430 1856 512 1920 quae
535 1846 711 1919 sequuntur
733 1857 833 1920 usque
860 1841 902 1904 ad
932 1826 1126 1927 ἡγήσασθαί
1143 1865 1178 1907 τε
1204 1845 1269 1907 τῶν

217 1943 341 2014 τόπων.
385 1949 497 2032 Itaque
514 1949 634 2016 Stiehle
648 1951 752 2032 prima
768 1956 893 2016 tantum
909 1950 1007 2018 verba
1029 1953 1100 2035 §18
1116 1974 1147 2037 p.
1160 1956 1222 2020 776
1235 1953 1268 2019 (i.

218 2066 250 2125 et
272 2061 291 2143 ξ
315 2061 357 2126 19
379 2081 409 2142 p.
427 2062 488 2128 778
512 2061 545 2127 0.
575 2061 615 2126 ab
644 2055 766 2144 γίνεται
796 2053 828 2125 δ’
860 2058 894 2126 ἐν
922 2065 994 2139 τοῖς
1024 2060 1184 2147 Σαβαίοις
1213 2061 1270 2129 καὶ

218 2169 255 2237 τὸ
278 2166 436 2259 λα’ριμνον
457 2173 499 2237 ad
520 2171 613 2237 finem
636 2171 832 2255 paragraphi
861 2180 894 2239 et
924 2175 1007 2256 §20
1034 2195 1066 2258 p.
1083 2176 1145 2241 779
1169 2177 1203 2243 C.
1226 2178 1268 2242 ad

217 2278 405 2371 ἡγήσασθαί
435 2307 471 2349 τε
502 2287 568 2350 τῶν
601 2281 714 2351 τόπων
746 2285 887 2351 eiusdem
924 2285 1054 2368 originis
1089 2305 1150 2352 non
1183 2293 1269 2354 reete

219 2396 319 2462 duxit.
364 2397 517 2463 Fortasse
546 2397 575 2461 ei
605 2415 665 2461 non
696 2415 791 2463 ansus
823 2401 872 2463 est
894 2397 988 2478 plura
1010 2397 1166 2481 tribuere,
1196 2418 1267 2465 eum

219 2509 237 2591 S
260 2509 299 2576 18
323 2528 353 2589 p.
371 2508 433 2574 776
457 2509 490 2575 G.
513 2512 588 2588 post
618 2505 764 2573 ἐνταῦθα
786 2506 900 2574 δὲκαὶ
922 2505 978 2596 τὴν
1000 2501 1183 2594 εὐκαρπίαν
1203 2512 1269 2575 τῶν

220 2615 376 2706 φοινίκων
396 2610 480 2685 εἶναι
502 2603 698 2706 θαυμαστήν
718 2619 865 2703 obliqua,
896 2639 978 2701 quae
1002 2621 1136 2702 dieitur,
1166 2622 1269 2688 oratio

217 2735 359 2796 mutetur
388 2731 420 2796 in
450 2738 579 2799 rectam.
632 2732 712 2798 Inde
734 2731 862 2797 minime
891 2730 991 2813 effici,
1025 2738 1062 2798 ut
1091 2733 1174 2800 alius
1197 2733 1268 2798 fons

216 2841 434 2924 perhibeatur,
459 2863 498 2909 ex
520 2844 558 2926 §S
573 2844 594 2910 5
608 2864 639 2926 p.
657 2843 718 2909 769
734 2842 767 2909 Ο.
784 2849 818 2908 et
840 2844 860 2908 6
883 2862 913 2923 p.
930 2844 993 2910 770
1007 2842 1040 2910 O.
1059 2844 1267 2926 intellegitur,

219 2954 281 3038 ubi,
304 2972 496 3038 quamquam
519 2974 569 3020 res
591 2956 701 3022 eodem
724 2955 818 3020 modo
841 2953 999 3033 sehabet,
1021 2955 1127 3020 omnia
1149 2956 1193 3020 ad
1208 2955 1269 3019 Ar-

219 3067 409 3132 temidorum
431 3067 575 3133 redeunt

303 3177 407 3244 Unum
429 3183 556 3244 tantum
578 3178 712 3244 interest
733 3177 901 3243 discrimen
934 3177 967 3241 in
989 3177 1050 3242 hae
1071 3181 1163 3260 parte
1184 3178 1268 3244 inter
1328 3184 1332 3194 '

219 3291 405 3358 Strabonem
436 3295 468 3356 et
496 3290 669 3356 Diodorum
701 3289 1051 3373 Agatharchidemque:
1080 3289 1134 3354 ille
1156 3289 1268 3355 urbem

219 3401 411 3467 Sabaeorum
442 3402 638 3484 Mariabam,
665 3402 699 3466 bi
730 3400 841 3489 Sabas¹
863 3401 1035 3466 nominant.
1080 3400 1159 3466 oum
1191 3415 1272 3467 vero

218 3515 341 3597 reliqua
363 3513 468 3578 omnia
484 3514 564 3580 bene
586 3513 669 3578 inter
690 3531 724 3579 se
739 3514 948 3593 consentiant,
971 3512 1067 3578 nolim
1088 3511 1219 3576 haerere
1235 3513 1267 3576 in

219 3625 371 3708 minutiis,
394 3643 597 3707 quamquam,
619 3626 775 3708 quomodo
793 3624 872 3690 haee
887 3624 1065 3690 differentia
1080 3623 1267 3706 explicanda

219 3740 269 3819 sit,
291 3738 354 3804 bac
375 3737 415 3802 de
438 3757 471 3802 re
494 3738 573 3804 eerti
596 3737 771 3820 quidquam
793 3736 934 3819 proferre
962 3753 1091 3816 nequeo.

301 3849 416 3915 Utrum
439 3854 546 3914 autem
569 3849 683 3914 ultima
706 3849 725 3931 ξ
746 3849 789 3915 20
811 3868 841 3929 p.
858 3849 920 3914 779
944 3847 978 3913 Ο.
1000 3845 1112 3913 verba:
1142 3844 1268 3930 λέγεται

220 3953 252 4024 d'
276 3956 524 4026 interverso
546 3955 722 4044 μετάλλοις
743 3954 899 4043 ἐγγίνεται
929 3978 967 4023 ex
989 3958 1191 4037 Artemidoro
1214 3959 1268 4022 de-

221 4079 367 4162 prompta
389 4073 464 4156 sint,
486 4093 526 4139 an
549 4093 569 4144 u
592 4071 746 4144 Strabone
768 4072 839 4162 ipso
860 4071 982 4162 addita,
1004 4069 1086 4136 hane
1108 4070 1267 4164 quaestio·
