3292 5006
621 411 833 480 -59-

206 581 356 662 alteram,
388 602 469 664 quae
491 583 689 666 Panchrysos
720 585 941 665 cognominata
962 589 1028 664 est,
1058 593 1092 651 et
1114 584 1253 662 tertiam,

181 714 183 718 ·
206 713 284 774 qnae
307 694 465 775 Epidires,
488 695 643 775 insignem
665 696 763 761 loco.“
807 696 929 761 Plinius
952 697 1052 776 igitur
1075 703 1140 760 tres
1157 696 1253 759 Bere-

206 807 291 873 nioas
322 825 390 871 esse
418 806 572 887 putabat,
603 808 687 889 quod
718 808 744 871 si
778 825 887 872 verum
911 812 1010 888 esset,
1044 807 1094 871 rel
1116 814 1254 888 quatuor

205 919 374 984 Berenicae
396 917 486 983 nobis
513 919 703 983 statuendae
734 926 856 998 essent,
886 917 1034 1000 quoniam
1064 917 1120 982 illa
1150 918 1254 982 altera

207 1029 371 1096 Strabonis
401 1023 524 1115 ἣκατά
551 1023 660 1112 Σαβάς
682 1030 767 1110 apud
792 1029 928 1095 Plinium
953 1049 1012 1094 non
1040 1035 1252 1094 enumeratur.

206 1141 355 1220 Quodne
378 1141 507 1206 minima
529 1140 656 1221 quidem
679 1159 750 1206 cum
773 1141 838 1205 veri
861 1140 965 1223 specie
986 1142 1131 1222 ponitur,
1164 1159 1253 1206 cum-

206 1271 265 1332 que
288 1251 488 1318 Ptolemaeus
521 1261 553 1320 11
575 1252 656 1317 Iuba
679 1272 772 1317 unam
795 1261 919 1318 tantum
944 1252 1054 1317 urbem
1077 1252 1249 1318 Berenicen

206 1364 363 1445 cognitam
386 1363 567 1441 habuerint,
588 1381 773 1445 persuasum
797 1363 899 1429 habeo
922 1383 955 1428 re
979 1382 1055 1428 vera
1078 1382 1172 1428 unam
1192 1364 1252 1429 Be-

205 1475 330 1542 renicen
353 1474 466 1555 fuisse,
497 1493 578 1557 quae
608 1475 648 1542 ab
671 1475 743 1540 aliis
772 1482 939 1541 vocaretur
970 1474 1148 1542 nominibus
1170 1474 1252 1541 aliis.

205 1588 271 1664 Quo
293 1586 389 1652 facile
409 1585 477 1650 fieri
500 1586 620 1667 potuit,
651 1592 686 1652 ut
709 1585 844 1668 scriptor
871 1587 963 1651 baud.
980 1587 1035 1650 ita
1050 1587 1184 1668 diligens
1207 1606 1254 1652 re-

204 1718 335 1780 rumque
356 1697 523 1781 imperitus
545 1697 640 1764 urbes
663 1699 746 1762 inter
767 1718 801 1764 se
824 1699 969 1764 diversas
991 1704 1200 1779 percenseret.

288 1811 409 1875 Eodem
441 1812 533 1874 modo
564 1810 781 1896 mutilatorum
812 1810 974 1875 bominum
1002 1809 1147 1892 pluribus
1176 1811 1253 1876 locis

206 1922 322 1986 mentio
344 1927 405 1986 ost.
785 1983 787 1987 ,
1131 1941 1133 1946 ·

289 2031 403 2115 §bp
420 2031 482 2098 769
506 2034 539 2098 C.
569 2029 649 2117 φησὶ
681 2023 712 2095 δ’
741 2023 1080 2119 Ἀρτεμίδωρος....
1112 2028 1187 2108 τοὺς
1217 2029 1253 2096 δὲ

208 2143 281 2229 περὶ
303 2141 361 2230 τὴν
384 2140 502 2230 Δειρὴν
523 2140 680 2226 κολοβούς
701 2134 786 2207 εἶναι
808 2141 868 2220 τὰς
889 2139 1060 2227 βαλάνους.

289 2254 424 2338 §afim
446 2275 477 2336 p.
495 2256 552 2319 771
581 2254 613 2320 O.
645 2245 716 2318 ciant
746 2247 977 2340 δἈντιφίλοο
1010 2251 1105 2341 λιμὴν
1135 2247 1190 2319 aori
1222 2249 1254 2319 οὶ

207 2363 286 2453 ὑπὲρ
309 2361 432 2432 τούτων
454 2361 654 2452 Κρεοφάγοι,
676 2363 810 2450 κολοβοί
831 2365 891 2443 τοὶς
912 2361 1083 2449 βαλάνους.

290 2479 374 2561 §10
393 2499 423 2560 p.
441 2479 501 2543 771
525 2486 604 2542 extr.
628 2477 661 2543 C.
692 2478 739 2564 τῷ
769 2471 800 2542 δ’
819 2471 1013 2565 Ἀντιφίλου
1042 2473 1149 2561 λιμένι
1181 2471 1255 2563 ἑξῆς

209 2585 276 2654 ἐστι
301 2587 396 2677 λιμὴν
417 2585 614 2674 καλούμενος
637 2589 797 2672 Κολοβῶν
817 2585 928 2666 ἄλσος.

290 2702 366 2789 §13
388 2721 417 2782 p.
434 2702 590 2766 77211111.
607 2701 640 2766 C.
665 2700 762 2765 Maeni
785 2699 822 2766 da*
845 2694 1006 2786 Εὐμένους
1028 2699 1144 2786 λιμένα
1158 2697 1253 2786 μέχρι
1366 2745 1383 2792 ff

208 2811 326 2900 Λειρῆς
343 2862 351 2878 .
368 2865 374 2878 .
393 2861 400 2876 .
422 2809 479 2877 καὶ
500 2809 690 2899 Κρεοφάγοι
707 2815 895 2878 κατοικοῦσι
917 2810 973 2878 καὶ
988 2810 1137 2896 Κολοβοὶ
1158 2809 1253 2896 μέχρι

207 2925 261 3009 τῆς
282 2919 469 3008 μεσογαίας.
682 2899 690 2915 ’
854 2899 860 2914 ’
913 2975 915 2980 .

292 3037 311 3117 §
335 3037 373 3100 17
397 3055 428 3118 p.
445 3035 508 3101 776
530 3035 563 3100 C.
594 3030 660 3101 εἰσὶ
681 3037 739 3117 (so.
767 3030 1007 3122 Τρωγλοδύται)
1040 3029 1072 3100 δ’
1098 3027 1135 3100 οὗ
1156 3033 1254 3099 κολο-

207 3144 259 3228 βοὶ
280 3141 391 3230 μόνον,
414 3139 499 3211 ἀλλὰ
520 3144 577 3211 καὶ
599 3145 867 3232 περιτετμημένοι
890 3145 986 3227 τινές,
1007 3141 1163 3232 καθάπερ
1185 3142 1253 3211 Λὶ-

207 3279 348 3341 γοπτιοι.
1189 3288 1193 3298 ·

291 3371 380 3448 Quae
402 3368 456 3452 §5
478 3390 508 3452 p.
525 3371 587 3436 769
604 3369 636 3436 C.
660 3377 692 3435 11
714 3370 732 3451 p
751 3371 789 3435 17
813 3391 843 3453 p.
860 3371 923 3436 776
945 3370 980 3436 0.
1004 3369 1194 3452 referuntur,
1217 3391 1255 3434 ea

208 3501 243 3546 ex
266 3481 470 3547 Artemidoro
491 3480 618 3547 fluxisse
640 3500 738 3562 supra
760 3482 993 3564 demonstravi,
1016 3490 1113 3564 atque
1136 3483 1253 3564 optime

207 3592 403 3658 conveniunt.
447 3593 639 3658 Tradiderat
660 3593 759 3674 igitur
773 3594 997 3659 Artemidorus
1019 3595 1051 3660 in
1074 3594 1255 3675 regionibus

207 3703 290 3769 circa
313 3703 427 3769 Deiren
461 3705 532 3769 sitis
563 3706 621 3771 boc
653 3705 782 3770 mutilos
812 3705 953 3770 homines
983 3705 1140 3772 habitare.
1185 3707 1255 3784 Qua

183 3833 276 3898 Ι1111
308 3835 343 3880 11
372 3816 534 3896 conspirat
562 3817 580 3898 ξ
606 3817 645 3883 13
675 3835 706 3897 p.
723 3817 785 3882 772
808 3818 857 3896 O„
889 3817 1017 3882 minime
1047 3824 1152 3882 autem
1184 3821 1254 3900 §it

209 3927 226 4009 ξ
251 3928 290 3993 10
310 3946 342 4009 p.
358 3927 417 3991 771
443 3926 493 4004 (1.,
515 3926 570 3990 nbi
592 3927 638 3992 illi
660 3929 765 3992 mutili
787 3928 929 3994 homines
950 3928 1047 3994 etiam
1078 3931 1164 4011 apud
1187 3917 1253 3994 An·

209 4038 313 4120 tiphili
334 4043 463 4120 portum
487 4039 579 4104 sedes
601 4039 776 4105 obtinuisse
799 4047 978 4106 narrantur.
1023 4040 1152 4106 Minime
1171 4041 1254 4107 enim
