3292 5006
641 476 855 541 „93-

218 643 316 735 βολὴν
359 621 483 734 ε’ίρηται
525 649 627 734 μῆκος
670 645 730 732 μὲν
757 643 794 712 τό
817 646 877 730 μὲν
899 644 959 734 γάρ
981 650 1083 736 μῆκος
1099 641 1198 738 αὐτῆς
1220 641 1269 715 εἶ-

219 750 297 823 ὅσον
338 755 525 841 τρισχιλίων
576 754 728 838 σταδίων,
757 780 808 821 ναι
832 754 962 843 λέγουσι
979 755 1122 825 σταδίων
1143 784 1268 845 τρισχι-

219 861 310 955 εὗρος
333 867 369 935 δὲ
389 866 510 950 χιλίων.
758 864 844 949 λίων,
867 869 905 936 τό
928 869 965 936 όὲ
980 867 1108 948 πλάτος
1124 870 1246 953 χιλίων.

262 1009 327 1094 ἔχει
359 1007 391 1078 δ’
417 1010 435 1103 η
465 1018 560 1104 νῆσος
586 1013 643 1080 καὶ
673 1010 730 1102 όρη
801 1009 884 1094 ἔχειν
906 1008 939 1079 δ’
966 1009 1062 1104 αὐτὴν
1084 1017 1139 1085 καί
1155 1017 1270 1098 πόλεις

220 1125 318 1206 συχνά
339 1125 396 1190 καὶ
418 1123 500 1214 όάση
515 1124 657 1212 μεγάλα·
681 1125 730 1194 ot·
758 1117 815 1189 οὐκ
837 1118 957 1210 ὀλίγας,
981 1115 1024 1191 ὧν
1047 1125 1268 1215 ἐπιφανεστά-

219 1237 312 1302 κοῖνσι
335 1231 367 1302 d'
392 1233 422 1303 οἱ
444 1237 505 1322 μὲν
529 1235 677 1322 νομάδες,
699 1235 729 1305 oi
758 1261 814 1322 την
845 1232 1001 1320 ὑπάρχειν
1038 1237 1093 1329 τὴν
1126 1240 1269 1331 Μερόην.

221 1347 257 1413 δὲ
271 1346 467 1434 θηρευτικσί,
489 1345 520 1414 σί
536 1349 573 1414 δὲ
586 1347 729 1437 γεωργοί.
758 1343 917 1437 παρήκειν
948 1349 984 1415 δὲ
1012 1354 1068 1439 τῆς
1097 1349 1193 1440 νήσου
1214 1356 1271 1420 τὸν

220 1455 290 1525 ἔστι
313 1458 350 1525 δὲ
372 1459 427 1525 καί
439 1460 660 1548 χαλκωρυχεῖα
676 1460 731 1527 καί
760 1456 1030 1546 περικλυζόμενον
1041 1459 1151 1530 πάντα
1166 1463 1270 1533 τόπον

221 1570 444 1659 σιόηρουρχεῖα
458 1570 515 1636 καὶ
527 1575 661 1659 χρυσεῖα
676 1571 731 1638 καί
759 1563 828 1636 άπό
863 1569 924 1655 μὲν
960 1576 1018 1660 τῆς
1047 1572 1179 1664 Λιβύης
1209 1583 1270 1643 θῖ-

220 1677 326 1746 λίθων
336 1681 408 1770 γένη
420 1682 623 1748 πολυτελῶν·
641 1707 729 1772 περι·
760 1706 817 1759 νας
838 1677 972 1762 ἔχοντας
994 1678 1105 1769 όίμμου
1128 1687 1271 1773 μέγεθος

222 1791 325 1872 ἔχεται
349 1787 382 1858 δ’
406 1788 475 1860 άπὸ
498 1795 558 1879 μὲν
579 1796 637 1883 τῆς
658 1803 730 1862 Λι-
760 1786 878 1880 ἀέριον,
909 1787 979 1886 άπὸ
1017 1794 1054 1861 δὲ
1083 1800 1140 1885 τῆς
1169 1794 1270 1888 'Apor-

220 1899 299 1989 βίης
320 1903 396 1970 drot
417 1903 579 1991 μεγάλοις,
602 1901 672 1973 άπὸ
695 1907 730 1973 dex
758 1901 834 1988 βίας
845 1905 1005 1990 κρημνοὺς
1018 1907 1270 1997 κατερρωγότας.

219 2017 275 2104 τῆς
294 2009 454 2104 Ἀραβίας
479 2022 634 2105 κρημνοῖς
657 2040 731 2084 συν-
758 2011 916 2103 ὑπάρχειν
927 2009 959 2080 d'
978 2015 1012 2082 ἐν
1039 2014 1119 2107 αὐτῇ
1143 2020 1270 2108 καὶμέ-

221 2126 335 2209 εχὲσιν.
759 2126 862 2192 ταλλα
878 2128 999 2215 χρυσοῦ
1015 2152 1049 2194 τε
1064 2130 1121 2196 καὶ
1136 2126 1272 2221 ἀργύρου
1344 2204 1346 2210 ,

759 2239 816 2304 καί
859 2233 990 2326 σιδήρου
1032 2241 1091 2308 καὶ
1133 2245 1270 2325 χαλκοῦ·

760 2349 846 2438 πρὸς
868 2350 905 2416 δὲ
925 2347 1053 2430 τούτοις
1078 2349 1161 2435 ἔχειν
1184 2356 1271 2445 πλῆ-

759 2469 824 2541 θος
846 2458 991 2546 ἐβὲννου,
1021 2461 1128 2531 λίθων
1148 2490 1183 2531 τε
1206 2492 1271 2534 πο-

759 2573 898 2640 λυτελῶν
919 2573 992 2663 γένη
1019 2574 1229 2645 παντοδαπά.
1268 2583 1272 2592 ’

308 2729 404 2812 QuoS,
437 2731 498 2796 etsi
520 2730 586 2797 fere
608 2731 691 2797 idem
714 2732 899 2814 proebeant,
933 2751 994 2797 non
1017 2735 1128 2798 statim
1151 2741 1271 2800 certum

223 2850 281 2920 est,
304 2844 346 2907 ad
369 2843 502 2907 eundern
524 2849 685 2908 auctorem
710 2845 823 2924 redire,
848 2863 918 2910 eum
938 2845 1049 2925 quanti
1071 2845 1177 2911 valeat
1199 2847 1273 2912 talis

223 2954 354 3019 Diodori
370 2953 596 3035 Strabonisque
619 2973 790 3020 consensus
811 2973 908 3036 supro
924 2956 969 3036 (p.
985 2955 1127 3040 86—88)
1143 2958 1273 3022 uberius

224 3066 430 3148 exposuerim.
476 3065 538 3131 Sed
553 3063 686 3130 fortasse
709 3066 796 3132 aliud
813 3065 888 3147 quid
912 3085 968 3130 nos
987 3066 1085 3132 iuret.
1130 3066 1273 3132 Primum

155 3191 159 3194 ·
225 3178 306 3244 enim
329 3178 433 3241 utitur
456 3176 613 3242 Diodorus
635 3178 757 3259 pariter
788 3196 826 3242 ac
848 3177 963 3242 Strabo
992 3178 1065 3242 inde
1088 3198 1108 3244 a
1129 3178 1153 3244 1.
1177 3179 1229 3260 33,
1252 3182 1272 3245 2

224 3289 352 3372 obliqua
374 3307 468 3371 quarn
493 3289 602 3355 dieunt
625 3289 776 3354 oratione.
819 3289 941 3354 Deinde
970 3289 1029 3355 hoo
1051 3290 1185 3356 oiiouius
1208 3311 1273 3356 ωε

228 3401 325 3467 nenti
347 3408 407 3480 est,
429 3401 513 3480 quod
538 3398 645 3464 Meroe
666 3401 690 3466 Ι.
713 3401 766 3482 33,
789 3401 875 3465 2-4
897 3401 1038 3483 Aegypti
1062 3403 1274 3484 descriptione

225 3515 406 3593 interrupta
421 3512 613 3593 depingitur.
657 3511 727 3577 Duo
749 3513 848 3594 igitur
870 3518 1016 3578 auctores
1039 3513 1125 3594 apud
1140 3514 1231 3580 Diod.
1249 3515 1273 3580 1.

226 3628 267 3691 33
289 3624 452 3690 statuendi
474 3630 559 3706 sunt,
583 3643 717 3705 quorum
740 3623 820 3689 alter
837 3624 1068 3705 Artemidorus,
1090 3624 1172 3690 alter
1187 3627 1274 3708 Aga-

227 3737 409 3802 tharchides
439 3752 507 3800 esse
536 3736 649 3817 debet,
683 3755 752 3802 curn
785 3742 919 3818 uterque
949 3735 1067 3818 optime
1097 3739 1276 3804 consentiat

228 3868 297 3914 euru
321 3847 530 3930 Strabone1).
575 3846 659 3923 Quid
681 3847 808 3929 utrique
831 3847 1032 3912 tribuendum
1055 3849 1107 3930 sit,
1130 3848 1157 3912 si
1180 3867 1274 3930 quoe-

316 4021 344 4097 1)
369 4024 415 4081 Ex
437 4022 474 4079 iis
490 4021 577 4094 enim,
603 4039 677 4100 quoe
701 4041 791 4098 supro
805 4023 847 4098 (p.
866 4021 917 4098 86)
941 4021 1126 4098 departibor
1150 4027 1179 4080 et
1194 4023 1275 4081 Stra·

229 4109 314 4168 bonis
339 4113 368 4166 et
390 4107 514 4166 Diodori
537 4108 615 4166 idern
639 4108 850 4186 praebentibus
881 4109 1031 4184 disputato
1053 4114 1138 4181 sunt,
1168 4127 1221 4183 per
1244 4129 1274 4172 se
