3300 5018
772 453 962 519 „2-

339 626 412 690 dam
437 623 651 692 fundamentis
673 625 778 706 inniti,
810 631 847 690 ut
869 625 1084 707 comprobem,
1114 623 1224 690 statim
1247 624 1388 691 transibo

339 737 380 800 ad
402 735 542 801 fontes
564 736 670 802 libri
693 736 817 802 tertii
840 736 1060 817 explorandos.

762 931 874 1000 Liber
894 929 962 999 III.

423 1069 579 1136 Exordiar
619 1091 639 1136 a
677 1071 750 1137 libri
781 1070 839 1135 ΙΙΙ.
870 1071 909 1153 3,
941 1070 962 1135 3
992 1090 1022 1152 p.
1050 1069 1111 1134 152
1135 1068 1187 1150 C.,
1218 1068 1290 1150 ubi,
1327 1087 1389 1150 quo

339 1181 455 1248 Strabo
472 1183 565 1248 modo
580 1181 678 1248 libros
695 1182 914 1262 composuerit,
933 1181 1051 1262 optime
1066 1180 1268 1261 perspicitur.
1309 1180 1389 1246 Con·

340 1292 483 1376 sequitur
506 1293 588 1358 enim
611 1313 628 1358 e
651 1293 756 1359 verbis
778 1287 979 1368 ὑπεναντίως
1001 1290 1038 1356 δὲ
1061 1293 1130 1368 τοῖς
1152 1291 1207 1355 νῦν
1228 1285 1308 1356 ἔνιοι
1333 1290 1390 1356 καὶ

309 1450 312 1456 -
339 1398 472 1480 τούτους
494 1402 704 1481 Λυσιτανοὺς
726 1396 953 1488 ὀνομάζουσιν,
976 1409 1013 1468 ut
1043 1403 1082 1484 ii,
1112 1403 1168 1486 qui
1199 1409 1273 1469 ante
1297 1402 1389 1468 Stra-
1449 1481 1452 1486 Ι

339 1517 451 1582 bouem
477 1521 583 1598 erant,
608 1515 822 1596 Carpetanos,
843 1516 1005 1596 Vettones
1029 1516 1196 1600 Vaccaeos,
1221 1514 1391 1596 Gallaecos,

341 1627 421 1692 alios
443 1626 577 1708 populos
592 1627 722 1692 minoris
740 1626 906 1708 dignitatis
922 1627 1146 1692 Lusitanorum
1169 1633 1280 1707 gentes
1294 1632 1389 1708 puta·

340 1739 462 1819 verint,
504 1756 574 1802 curn
610 1737 774 1803 Strabonis
806 1736 1002 1818 temporibus
1034 1737 1201 1802 Lusitania
1245 1738 1314 1802 Ana
1357 1743 1392 1804 et

341 1848 441 1914 Durio
463 1847 646 1915 fluminibus
669 1849 839 1914 terminata
861 1849 940 1915 haec
961 1848 1067 1929 opinio
1089 1849 1152 1913 iam
1176 1866 1237 1913 nan
1259 1848 1390 1916 valeret
1502 1883 1504 1890 ·

340 1962 491 2025 Attamen
507 1960 629 2042 Strabo,
652 1979 723 2027 cum
738 1959 937 2026 Lusitaniam
959 1978 978 2023 a
1001 1959 1270 2041 septentrionibus
1293 1965 1327 2024 et
1348 1959 1388 2025 ab

340 2090 453 2138 occasu
476 2091 592 2138 oceano
623 2070 789 2138 circumlui
811 2070 916 2151 dicat,
946 2070 1087 2153 priorum
1110 2071 1299 2136 sententiam
1322 2072 1391 2153 ipse

342 2183 556 2264 amplectitur.
621 2163 753 2248 Finibus
790 2183 871 2248 enim
916 2183 963 2247 ita
1000 2182 1182 2247 constitutis
1219 2180 1391 2262 Gallaecos,

342 2295 460 2376 quippe
482 2294 537 2377 qui
559 2313 628 2360 earn
651 2300 775 2375 partem
799 2293 973 2375 Hispaniae
996 2292 1159 2372 habitent,
1183 2293 1237 2359 ubi
1260 2299 1293 2357 et
1314 2293 1391 2359 litus

344 2407 501 2472 occidenti
523 2406 691 2471 adversum
714 2411 747 2471 et
769 2406 852 2487 quod
876 2405 1106 2486 septentriones
1128 2409 1254 2487 spectat
1276 2424 1390 2486 magno

342 2519 466 2600 impetu
499 2519 530 2583 in
553 2511 652 2582 altum
685 2523 872 2597 excurrunt,
902 2517 934 2581 in
956 2515 1141 2582 Lusitaniae
1163 2515 1312 2599 gentibus
1335 2535 1391 2581 nu-

343 2634 455 2694 merat.
500 2620 663 2708 Quacum
697 2642 813 2694 renen
837 2628 1020 2709 conspirant
1048 2628 1128 2694 baec
1150 2628 1248 2694 verba
1269 2628 1289 2694 l.
1312 2628 1332 2692 l.
1355 2625 1393 2692 τὸ

343 2733 374 2804 δ’
387 2733 529 2804 ἑωθινὸν
544 2739 579 2805 οἳ
598 2761 633 2803 τε
648 2737 868 2826 Καρπητανοὶ
881 2735 938 2802 καὶ
952 2734 983 2802 oi
1005 2730 1186 2815 Οὐέττωνες
1208 2735 1264 2802 καὶ
1287 2731 1390 2804 Οὐακ-

343 2853 434 2915 καῖοι
448 2847 504 2914 καὶ
528 2849 671 2914 Καλλα
681 2846 775 2914 ϊκοί.
818 2851 998 2932 Pugnantia
1013 2851 1112 2932 igitur
1133 2851 1218 2915 inter
1232 2868 1266 2915 se
1282 2856 1394 2916 narrat

345 2961 476 3044 Strabo,
515 2981 586 3027 cum
618 2963 790 3027 secundum
807 2962 1064 3043 descriptionem
1096 2961 1156 3028 hoc
1185 2961 1253 3027 loco
1283 2963 1392 3027 datam

345 3074 481 3140 Callaeci
513 3074 607 3138 modo
640 3073 870 3140 conterminent
899 3074 1115 3152 Lusitaniam,
1146 3073 1240 3138 mode
1269 3080 1393 3154 partem

344 3186 413 3250 eius
433 3192 572 3251 teneant.
617 3185 720 3264 Quam
751 3202 808 3266 ego
839 3183 1058 3250 difficultatem
1090 3184 1173 3249 bunc
1203 3185 1235 3249 in
1265 3184 1393 3249 modum

343 3306 421 3379 puto
446 3297 675 3379 expediendam
693 3315 772 3378 esse,
795 3302 832 3360 ut
860 3296 957 3361 verba
976 3295 1051 3361 inde
1073 3295 1112 3360 ab
1133 3295 1224 3361 initio
1246 3295 1304 3359 ΙΙΙ.
1320 3296 1350 3376 3,
1373 3295 1393 3360 3

345 3429 375 3491 p.
401 3408 462 3476 152
485 3409 518 3475 C.
540 3409 581 3472 ad
605 3404 720 3472 aeleri
742 3400 896 3492 ἀρκτικὸν
918 3401 936 3471 ὁ
959 3399 1101 3484 ὠκεανός
1123 3407 1294 3490 antiquiori
1318 3425 1392 3472 aue-

346 3521 408 3585 tori
429 3519 618 3598 tribuamus
648 3539 730 3603 quae
753 3526 859 3584 autem
883 3525 1058 3602 sequuntur
1079 3515 1117 3582 τὸ
1140 3509 1172 3582 δ’
1190 3512 1330 3584 ἑωθινὸν
1352 3520 1394 3585 ad

346 3627 401 3694 aei
422 3627 477 3718 cip
500 3622 637 3710 ἀδοξίαν
669 3631 852 3712 recentiori,
884 3631 1073 3711 praesertim
1106 3650 1176 3697 curn
1205 3630 1263 3696 boc
1295 3632 1395 3712 ipsius

347 3741 511 3806 Strabonis
544 3742 648 3808 verbis
677 3735 878 3817 bervescirae
912 3739 949 3805 δὲ
977 3743 1050 3818 τοῖς
1078 3742 1134 3806 νῦν
1163 3742 1395 3824 comprobetur.

347 3853 409 3918 Sed
433 3873 470 3919 ne
500 3860 567 3918 tum
591 3854 718 3937 quidem
749 3853 856 3919 omnia
884 3854 1143 3919 adnaluntatem
1178 3852 1295 3935 fluunt,
1325 3871 1395 3919 cum

348 3964 495 4046 Callaeci,
517 3984 595 4046 quos
617 3985 637 4029 a
658 3966 826 4031 Lusitania
851 3967 893 4031 ad
908 3965 1141 4046 septentriones
1164 3966 1255 4030 sedes
1277 3964 1396 4030 babere

347 4077 473 4162 scimus,
503 4077 586 4142 inter
615 4077 749 4161 populos
771 4077 853 4143 hanc
884 4077 1043 4170 regionem
1073 4076 1113 4143 ab
1144 4077 1265 4142 oriente
1289 4076 1396 4143 termi-
