3300 5018
770 457 982 525 ..14-

353 629 438 696 inter
461 628 662 696 castulonem
682 635 715 697 at
738 629 843 714 Murgi
865 629 1048 697 constitutis
1071 634 1189 709 narret,
1213 650 1251 696 ex
1267 631 1409 698 Varrone

353 740 507 808 hausisse.
560 741 648 819 Quae
678 742 784 824 opinio
814 743 928 808 nititur
956 742 1060 808 altera
1088 743 1268 824 suspicione
1301 743 1340 808 ab
1371 761 1408 808 eo

356 852 480 933 prolata
502 851 585 917 hunc
608 871 677 918 esse
698 858 869 935 auctorem,
893 872 986 936 quem
1008 853 1209 936 potissimum
1232 853 1358 920 Plinius
1377 856 1408 921 in

355 953 591 1029 conscribendis
620 963 795 1046 Hispaniae
823 966 980 1030 mensuris
1012 973 1173 1048 sequatur.
1218 967 1409 1033 Accuratius

357 1080 465 1139 tamen
487 1075 621 1158 singulis
648 1078 788 1142 numeris
820 1077 904 1143 inter
935 1095 968 1142 se
997 1096 1131 1158 cumque
1152 1077 1297 1144 Varrone
1328 1095 1410 1141 com-

354 1187 479 1268 paratis
500 1204 646 1252 corruere
662 1186 835 1253 Detleiseni
857 1188 1070 1254 coniecturam
1086 1188 1225 1254 Hacblcr
1247 1187 1267 1253 l.
1283 1189 1304 1252 l.
1321 1208 1352 1270 p.
1368 1189 1410 1255 35

358 1298 597 1364 demonstravit
642 1299 743 1365 Adice
765 1300 849 1381 quod
879 1299 965 1365 nullo
996 1300 1089 1364 modo
1104 1303 1227 1381 potest
1248 1299 1409 1381 explicari,

357 1427 412 1474 cur
434 1408 618 1489 Pliniusd,
642 1410 703 1475 118
734 1412 841 1493 priore
871 1411 970 1476 totius
1001 1411 1154 1477 circuitus
1189 1427 1337 1475 mensura
1358 1429 1409 1475 ac-

357 1521 557 1587 curatissime
579 1523 657 1586 data
678 1521 811 1586 alteram
841 1540 953 1603 parum
977 1522 1147 1603 diligenter
1169 1527 1336 1587 exsecutus
1358 1523 1410 1601 sit,

545 1634 794 1642 -ῆ
895 1635 1068 1644 *—

357 1668 510 1732 cumpro
545 1648 647 1735 lXXVl
675 1649 792 1714 LXXX
821 1649 871 1715 vel
895 1648 1014 1736 lXXVll
1039 1652 1085 1732 X,
1115 1669 1196 1732 quae
1218 1649 1410 1731 colliguntur

357 1761 491 1843 singulis
514 1762 668 1827 mensuris
690 1761 722 1825 iu
754 1779 849 1826 unam
884 1780 1039 1827 summam
1070 1763 1228 1843 redactis,
1258 1761 1410 1828 scriberet

355 1876 489 1976 [XX-Vll.
534 1890 626 1956 Unde
648 1908 814 1956 mensurae
836 1891 932 1956 Plinii
963 1891 1114 1972 originem
1138 1891 1266 1971 ducant,
1299 1890 1410 1955 rectis·

356 2003 435 2067 sime
457 2001 651 2068 intellexisse
674 2003 752 2068 mihi
775 2002 902 2068 videtur
924 2002 1060 2068 Partsch
1074 2003 1115 2085 ¹),
1138 2003 1192 2083 qui
1219 2021 1291 2067 eum
1313 2001 1411 2065 sumit

359 2134 397 2180 ex
419 2113 590 2180 itinerariis
612 2132 667 2180 eas
690 2119 900 2196 computasse.

445 2227 534 2304 Quae
549 2226 577 2291 si
592 2235 680 2292 recte
694 2244 729 2292 se
743 2226 871 2301 habent,
894 2226 1017 2292 Plinius
1032 2245 1071 2292 ne
1093 2227 1127 2292 id
1142 2226 1270 2307 quidem
1293 2243 1313 2288 a
1327 2224 1410 2289 Var-

358 2356 435 2402 rone
456 2337 587 2419 petivit,
617 2338 700 2419 quod
735 2337 775 2401 de
805 2335 920 2403 finibus
942 2337 1091 2404 Baeticae
1122 2337 1241 2416 tradit;
1276 2335 1410 2416 accedit,

359 2449 444 2531 quod
468 2449 552 2514 omni
575 2456 664 2513 caret
679 2448 917 2530 probabilitate,
940 2450 1092 2515 Varronis
1114 2455 1221 2516 aetate
1237 2447 1411 2530 Hispaniae

357 2559 519 2630 ulterioris
542 2559 711 2625 terminum
734 2560 774 2626 ab
797 2560 929 2626 orientis
950 2567 1043 2642 parts
1067 2561 1173 2642 Murgi
1194 2559 1310 2641 fuisse,
1342 2563 1410 2623 tum

359 2671 443 2736 inter
466 2689 564 2736 annos
586 2671 637 2734 27.
654 2689 682 2734 a.
701 2669 773 2736 Chr.
789 2691 818 2736 n.
835 2673 912 2753 (quo
935 2671 1036 2736 Varro
1059 2673 1099 2737 de
1120 2671 1189 2738 vita
1210 2669 1363 2753 decessit)
1379 2674 1412 2734 et

362 2781 411 2847 12.
434 2802 462 2847 a.
486 2781 560 2847 Chr.
583 2802 612 2848 n.
635 2781 712 2864 (quo
735 2782 881 2864 Agrippa
902 2800 1086 2865 supremum
1108 2783 1193 2848 diem
1218 2782 1310 2860 obiit)
1332 2779 1412 2845 fines

359 2891 585 2975 Carthaginem
608 2910 708 2974 usque
737 2894 853 2959 iterum
882 2894 1025 2974 prolatos
1055 2913 1141 2975 esse,
1170 2901 1283 2976 postea
1304 2898 1410 2964 autem

359 3006 476 3070 iterum
509 3006 551 3070 ad
584 3004 691 3088 Murgi
725 3009 850 3071 tantum
887 3012 1065 3088 porrectam
1101 3025 1170 3071 esse
1207 3005 1411 3089 provinciam.

360 3114 445 3192 Quos
467 3114 547 3182 fines
568 3117 679 3181 ultimo
701 3117 769 3183 loco
785 3122 973 3182 memoratos
996 3117 1079 3182 inter
1101 3135 1200 3184 annos
1223 3120 1273 3183 12.
1293 3135 1321 3182 a.
1337 3116 1411 3182 (ihr.

360 3247 389 3292 n.
412 3234 445 3292 et
467 3227 497 3292 2.
519 3246 547 3293 a.
571 3227 644 3294 Chr.
668 3248 697 3294 n.
729 3229 918 3295 constitutos
941 3247 1010 3295 csse
1032 3229 1168 3296 Partsch
1199 3230 1219 3295 l.
1242 3230 1262 3294 l.
1286 3229 1412 3294 invictis

359 3340 558 3422 argumentis
581 3339 820 3405 demonstravit.

446 3452 557 3516 Altera
590 3469 742 3517 novarum
775 3451 901 3517 illarum
935 3452 1167 3535 prouinciarum
1201 3452 1410 3532 Lusitaniam,

361 3563 537 3642 Asturiam,
553 3562 742 3628 Callaeciam
754 3563 909 3646 principio
925 3565 1086 3644 complexa
1097 3569 1156 3644 est,
1179 3563 1233 3630 cir.
1250 3565 1412 3648 Agrippae

359 3673 396 3739 fr.
409 3675 461 3754 24,
473 3674 648 3738 Mommsen
657 3674 733 3740 hist.
745 3675 782 3738 R.
793 3673 823 3754 5,
836 3675 877 3740 88
890 3692 962 3742 ann.
972 3677 1001 3741 2.
1018 3675 1097 3742 Cum
1110 3677 1233 3740 eluceat
1244 3694 1283 3740 ex
1297 3676 1412 3756 Agrip-

362 3804 424 3868 pae
439 3784 618 3866 fragmento
634 3784 825 3852 Callaeciam
849 3792 882 3852 et
896 3787 1061 3852 Asturiam
1083 3791 1157 3870 post
1179 3806 1208 3852 a.
1226 3789 1275 3852 12.
1292 3806 1320 3851 a.
1338 3785 1410 3851 cnr.

449 4003 478 4081 l)
502 4003 645 4076 Partsch,
672 3993 745 4062 ‘Die
768 4001 960 4078 Dorstellung
984 4006 1118 4080 Europes
1149 4003 1180 4062 in
1211 4003 1278 4062 dem
1310 4023 1412 4079 geogr.

361 4089 472 4158 Werlre
495 4089 546 4148 des
569 4084 714 4167 Agrippc’
736 4110 764 4169 p.
792 4093 841 4150 20.

583 4448 726 4506 ἡ
