<?xml version="1.0" encoding="UTF-8"?>
<!DOCTYPE html PUBLIC "-//W3C//DTD XHTML 1.0 Transitional//EN"
    "http://www.w3.org/TR/xhtml1/DTD/xhtml1-transitional.dtd">
<html xmlns="http://www.w3.org/1999/xhtml" xml:lang="en" lang="en">
 <head>
  <title>
</title>
<meta http-equiv="Content-Type" content="text/html;charset=utf-8" />
  <meta name='ocr-system' content='tesseract 3.04.00' />
  <meta name='ocr-capabilities' content='ocr_page ocr_carea ocr_par ocr_line ocrx_word'/>
</head>
<body>
  <div class='ocr_page' id='page_1' title='image "./quaestionesstra00rugegoog_0066.png"; bbox 0 0 3292 5006; ppageno 0'>
   <div class='ocr_carea' id='block_1_1' title="bbox 613 383 823 448">
    <p class='ocr_par' dir='ltr' id='par_1_1' title="bbox 613 383 823 448">
     <span class='ocr_line' id='line_1_1' title="bbox 613 383 823 448; baseline 0 -18"><span class='ocrx_word' id='word_1_1' title='bbox 613 383 823 448; x_wconf 61' lang='grc'>-57-</span> 
     </span>
    </p>
   </div>
   <div class='ocr_carea' id='block_1_2' title="bbox 196 555 1264 4100">
    <p class='ocr_par' dir='ltr' id='par_1_2' title="bbox 196 555 1244 969">
     <span class='ocr_line' id='line_1_2' title="bbox 196 555 1242 636; baseline 0.004 -19"><span class='ocrx_word' id='word_1_2' title='bbox 196 569 291 634; x_wconf 86' lang='lat' dir='ltr'>quae,</span> <span class='ocrx_word' id='word_1_3' title='bbox 323 573 512 636; x_wconf 83' lang='lat' dir='ltr'>quamquam</span> <span class='ocrx_word' id='word_1_4' title='bbox 544 574 603 620; x_wconf 87' lang='lat' dir='ltr'>non</span> <span class='ocrx_word' id='word_1_5' title='bbox 627 556 720 636; x_wconf 83' lang='lat' dir='ltr'>plane</span> <span class='ocrx_word' id='word_1_6' title='bbox 742 557 782 620; x_wconf 83' lang='lat' dir='ltr'>ad</span> <span class='ocrx_word' id='word_1_7' title='bbox 806 556 890 620; x_wconf 87' lang='lat' dir='ltr'>idem</span> <span class='ocrx_word' id='word_1_8' title='bbox 914 561 1041 635; x_wconf 73' lang='lat' dir='ltr'>coeunt,</span> <span class='ocrx_word' id='word_1_9' title='bbox 1073 575 1111 622; x_wconf 83' lang='lat' dir='ltr'>ex</span> <span class='ocrx_word' id='word_1_10' title='bbox 1133 555 1242 621; x_wconf 84' lang='lat' dir='ltr'>eodem</span> 
     </span>
     <span class='ocr_line' id='line_1_3' title="bbox 197 664 1244 749; baseline 0.005 -22"><span class='ocrx_word' id='word_1_11' title='bbox 197 671 299 729; x_wconf 86' lang='lat' dir='ltr'>tamon</span> <span class='ocrx_word' id='word_1_12' title='bbox 324 665 409 732; x_wconf 85' lang='lat' dir='ltr'>tonte</span> <span class='ocrx_word' id='word_1_13' title='bbox 431 664 559 730; x_wconf 83' lang='lat' dir='ltr'>fluxisse</span> <span class='ocrx_word' id='word_1_14' title='bbox 594 684 683 732; x_wconf 86' lang='lat' dir='ltr'>nemo</span> <span class='ocrx_word' id='word_1_15' title='bbox 715 667 852 749; x_wconf 83' lang='lat' dir='ltr'>negabit</span> <span class='ocrx_word' id='word_1_16' title='bbox 896 667 977 732; x_wconf 85' lang='lat' dir='ltr'>Nom</span> <span class='ocrx_word' id='word_1_17' title='bbox 1010 667 1244 749; x_wconf 81' lang='lat' dir='ltr'><strong>discrepantiae</strong></span> 
     </span>
     <span class='ocr_line' id='line_1_4' title="bbox 197 776 1244 860; baseline 0.003 -21"><span class='ocrx_word' id='word_1_18' title='bbox 197 778 351 858; x_wconf 90' lang='lat' dir='ltr'>quomodo</span> <span class='ocrx_word' id='word_1_19' title='bbox 373 776 472 843; x_wconf 79' lang='lat' dir='ltr'>levari</span> <span class='ocrx_word' id='word_1_20' title='bbox 494 778 626 859; x_wconf 81' lang='lat' dir='ltr'><strong>possint,</strong></span> <span class='ocrx_word' id='word_1_21' title='bbox 650 777 683 843; x_wconf 83' lang='lat' dir='ltr'>O.</span> <span class='ocrx_word' id='word_1_22' title='bbox 704 777 820 844; x_wconf 76' lang='lat' dir='ltr'>Miller</span> <span class='ocrx_word' id='word_1_23' title='bbox 842 779 883 843; x_wconf 83' lang='lat' dir='ltr'>ad</span> <span class='ocrx_word' id='word_1_24' title='bbox 906 777 1024 858; x_wconf 83' lang='lat' dir='ltr'>Agath.</span> <span class='ocrx_word' id='word_1_25' title='bbox 1046 778 1102 842; x_wconf 80' lang='grc'>11.</span> <span class='ocrx_word' id='word_1_26' title='bbox 1124 778 1244 860; x_wconf 88' lang='lat' dir='ltr'>optime</span> 
     </span>
     <span class='ocr_line' id='line_1_5' title="bbox 198 887 349 969; baseline 0.013 -18"><span class='ocrx_word' id='word_1_27' title='bbox 198 887 349 969; x_wconf 83' lang='lat' dir='ltr'><strong>exposuit.</strong></span> 
     </span>
    </p>

    <p class='ocr_par' dir='ltr' id='par_1_3' title="bbox 198 998 1247 1511">
     <span class='ocr_line' id='line_1_6' title="bbox 280 998 1245 1083; baseline 0.002 -19"><span class='ocrx_word' id='word_1_28' title='bbox 280 998 371 1064; x_wconf 85' lang='lat' dir='ltr'>Nune</span> <span class='ocrx_word' id='word_1_29' title='bbox 393 999 698 1081; x_wconf 80' lang='lat' dir='ltr'>circumspiciomm,</span> <span class='ocrx_word' id='word_1_30' title='bbox 732 999 808 1083; x_wconf 90' lang='lat' dir='ltr'>quid</span> <span class='ocrx_word' id='word_1_31' title='bbox 839 1006 1005 1083; x_wconf 82' lang='lat' dir='ltr'>praeterea</span> <span class='ocrx_word' id='word_1_32' title='bbox 1035 1001 1154 1081; x_wconf 90' lang='lat' dir='ltr'>optimo</span> <span class='ocrx_word' id='word_1_33' title='bbox 1177 1000 1245 1066; x_wconf 91' lang='lat' dir='ltr'>iure</span> 
     </span>
     <span class='ocr_line' id='line_1_7' title="bbox 198 1110 1245 1194; baseline 0.002 -20"><span class='ocrx_word' id='word_1_34' title='bbox 198 1110 399 1176; x_wconf 78' lang='lat' dir='ltr'>Artemidoro</span> <span class='ocrx_word' id='word_1_35' title='bbox 415 1111 486 1176; x_wconf 85' lang='lat' dir='ltr'>dari</span> <span class='ocrx_word' id='word_1_36' title='bbox 501 1112 607 1193; x_wconf 80' lang='lat' dir='ltr'>possit.</span> <span class='ocrx_word' id='word_1_37' title='bbox 654 1113 699 1176; x_wconf 88' lang='lat' dir='ltr'>Ac</span> <span class='ocrx_word' id='word_1_38' title='bbox 719 1112 856 1192; x_wconf 92' lang='lat' dir='ltr'>primum</span> <span class='ocrx_word' id='word_1_39' title='bbox 873 1112 1000 1194; x_wconf 90' lang='lat' dir='ltr'>quidem</span> <span class='ocrx_word' id='word_1_40' title='bbox 1023 1129 1094 1176; x_wconf 88' lang='lat' dir='ltr'>eum</span> <span class='ocrx_word' id='word_1_41' title='bbox 1112 1112 1245 1177; x_wconf 85' lang='lat' dir='ltr'>Stielrlio</span> 
     </span>
     <span class='ocr_line' id='line_1_8' title="bbox 198 1221 1244 1305; baseline 0.003 -20"><span class='ocrx_word' id='word_1_42' title='bbox 198 1227 265 1285; x_wconf 86' lang='lat' dir='ltr'>tota</span> <span class='ocrx_word' id='word_1_43' title='bbox 287 1221 544 1304; x_wconf 76' lang='lat' dir='ltr'>paragraphusir</span> <span class='ocrx_word' id='word_1_44' title='bbox 566 1242 596 1304; x_wconf 91' lang='lat' dir='ltr'>p.</span> <span class='ocrx_word' id='word_1_45' title='bbox 614 1222 675 1288; x_wconf 86' lang='grc'>769</span> <span class='ocrx_word' id='word_1_46' title='bbox 692 1222 724 1288; x_wconf 84' lang='grc' dir='ltr'>Ο.</span> <span class='ocrx_word' id='word_1_47' title='bbox 747 1223 865 1305; x_wconf 88' lang='lat' dir='ltr'>quippe</span> <span class='ocrx_word' id='word_1_48' title='bbox 887 1242 968 1304; x_wconf 82' lang='lat' dir='ltr'>quae</span> <span class='ocrx_word' id='word_1_49' title='bbox 990 1223 1127 1305; x_wconf 85' lang='lat' dir='ltr'>obliquo,</span> <span class='ocrx_word' id='word_1_50' title='bbox 1150 1243 1244 1305; x_wconf 85' lang='lat' dir='ltr'>quom</span> 
     </span>
     <span class='ocr_line' id='line_1_9' title="bbox 199 1333 1247 1416; baseline 0.002 -20"><span class='ocrx_word' id='word_1_51' title='bbox 199 1335 321 1414; x_wconf 81' lang='lat' dir='ltr'>dicunt,</span> <span class='ocrx_word' id='word_1_52' title='bbox 354 1335 497 1399; x_wconf 83' lang='lat' dir='ltr'>oratione</span> <span class='ocrx_word' id='word_1_53' title='bbox 531 1338 657 1413; x_wconf 85' lang='lat' dir='ltr'>utatur,</span> <span class='ocrx_word' id='word_1_54' title='bbox 698 1335 782 1399; x_wconf 86' lang='lat' dir='ltr'>inter</span> <span class='ocrx_word' id='word_1_55' title='bbox 814 1333 994 1416; x_wconf 84' lang='lat' dir='ltr'>fragmenta</span> <span class='ocrx_word' id='word_1_56' title='bbox 1025 1335 1247 1400; x_wconf 83' lang='lat' dir='ltr'>Artemidorea</span> 
     </span>
     <span class='ocr_line' id='line_1_10' title="bbox 198 1447 473 1511; baseline 0.007 -4"><span class='ocrx_word' id='word_1_57' title='bbox 198 1447 392 1510; x_wconf 85' lang='lat' dir='ltr'>numeranda</span> <span class='ocrx_word' id='word_1_58' title='bbox 414 1450 473 1511; x_wconf 89' lang='lat' dir='ltr'>est.</span> 
     </span>
    </p>

    <p class='ocr_par' dir='ltr' id='par_1_4' title="bbox 199 1552 1264 2067">
     <span class='ocr_line' id='line_1_11' title="bbox 282 1552 1246 1642; baseline 0 -21"><span class='ocrx_word' id='word_1_59' title='bbox 282 1557 363 1621; x_wconf 88' lang='lat' dir='ltr'>Tum</span> <span class='ocrx_word' id='word_1_60' title='bbox 395 1557 426 1621; x_wconf 88' lang='lat' dir='ltr'>in</span> <span class='ocrx_word' id='word_1_61' title='bbox 460 1555 522 1622; x_wconf 87' lang='lat' dir='ltr'>fine</span> <span class='ocrx_word' id='word_1_62' title='bbox 544 1556 562 1636; x_wconf 65' lang='grc' dir='ltr'>ξ</span> <span class='ocrx_word' id='word_1_63' title='bbox 587 1556 627 1618; x_wconf 92' lang='grc'>14</span> <span class='ocrx_word' id='word_1_64' title='bbox 649 1576 679 1638; x_wconf 95' lang='lat' dir='ltr'>p.</span> <span class='ocrx_word' id='word_1_65' title='bbox 696 1556 760 1621; x_wconf 90' lang='grc'>774</span> <span class='ocrx_word' id='word_1_66' title='bbox 781 1555 824 1636; x_wconf 83' lang='grc'>0.,</span> <span class='ocrx_word' id='word_1_67' title='bbox 858 1556 912 1622; x_wconf 91' lang='lat' dir='ltr'>ubi</span> <span class='ocrx_word' id='word_1_68' title='bbox 944 1552 1044 1642; x_wconf 80' lang='grc' dir='ltr'><em>φησίν</em></span> <span class='ocrx_word' id='word_1_69' title='bbox 1077 1556 1246 1638; x_wconf 85' lang='lat' dir='ltr'>invenitur,</span> 
     </span>
     <span class='ocr_line' id='line_1_12' title="bbox 199 1663 1264 1751; baseline 0.002 -19"><span class='ocrx_word' id='word_1_70' title='bbox 199 1668 344 1733; x_wconf 91' lang='lat' dir='ltr'>ultimum</span> <span class='ocrx_word' id='word_1_71' title='bbox 367 1674 453 1732; x_wconf 87' lang='lat' dir='ltr'>certe</span> <span class='ocrx_word' id='word_1_72' title='bbox 475 1667 674 1732; x_wconf 80' lang='lat' dir='ltr'>enuntiatum</span> <span class='ocrx_word' id='word_1_73' title='bbox 705 1687 742 1732; x_wconf 88' lang='lat' dir='ltr'>ex</span> <span class='ocrx_word' id='word_1_74' title='bbox 764 1669 823 1736; x_wconf 86' lang='lat' dir='ltr'>hoo</span> <span class='ocrx_word' id='word_1_75' title='bbox 846 1669 1000 1749; x_wconf 82' lang='lat' dir='ltr'>scriptore</span> <span class='ocrx_word' id='word_1_76' title='bbox 1023 1663 1264 1751; x_wconf 49' lang='lat' dir='ltr'>depromptum*</span> 
     </span>
     <span class='ocr_line' id='line_1_13' title="bbox 199 1781 1246 1860; baseline -0.001 -15"><span class='ocrx_word' id='word_1_77' title='bbox 199 1785 263 1859; x_wconf 90' lang='lat' dir='ltr'>est;</span> <span class='ocrx_word' id='word_1_78' title='bbox 286 1786 407 1860; x_wconf 85' lang='lat' dir='ltr'>quanta</span> <span class='ocrx_word' id='word_1_79' title='bbox 421 1788 529 1844; x_wconf 82' lang='lat' dir='ltr'>autem</span> <span class='ocrx_word' id='word_1_80' title='bbox 545 1797 620 1860; x_wconf 85' lang='lat' dir='ltr'>pars</span> <span class='ocrx_word' id='word_1_81' title='bbox 643 1799 760 1859; x_wconf 86' lang='lat' dir='ltr'>eorum,</span> <span class='ocrx_word' id='word_1_82' title='bbox 783 1799 866 1860; x_wconf 86' lang='lat' dir='ltr'>quoe</span> <span class='ocrx_word' id='word_1_83' title='bbox 881 1781 1082 1856; x_wconf 86' lang='lat' dir='ltr'>antecedunt,</span> <span class='ocrx_word' id='word_1_84' title='bbox 1105 1781 1246 1846; x_wconf 85' lang='lat' dir='ltr'>eiuedom</span> 
     </span>
     <span class='ocr_line' id='line_1_14' title="bbox 199 1890 1248 1973; baseline 0.002 -19"><span class='ocrx_word' id='word_1_85' title='bbox 199 1891 329 1973; x_wconf 83' lang='lat' dir='ltr'>originis</span> <span class='ocrx_word' id='word_1_86' title='bbox 357 1892 514 1956; x_wconf 85' lang='lat' dir='ltr'>censendo</span> <span class='ocrx_word' id='word_1_87' title='bbox 543 1891 602 1970; x_wconf 86' lang='lat' dir='ltr'>sit,</span> <span class='ocrx_word' id='word_1_88' title='bbox 632 1890 692 1956; x_wconf 85' lang='lat' dir='ltr'>hac</span> <span class='ocrx_word' id='word_1_89' title='bbox 722 1891 761 1955; x_wconf 88' lang='lat' dir='ltr'>de</span> <span class='ocrx_word' id='word_1_90' title='bbox 794 1911 827 1956; x_wconf 89' lang='lat' dir='ltr'>re</span> <span class='ocrx_word' id='word_1_91' title='bbox 849 1897 960 1973; x_wconf 83' lang='lat' dir='ltr'>postea</span> <span class='ocrx_word' id='word_1_92' title='bbox 991 1891 1121 1956; x_wconf 87' lang='lat' dir='ltr'>uberius</span> <span class='ocrx_word' id='word_1_93' title='bbox 1143 1892 1248 1958; x_wconf 87' lang='lat' dir='ltr'>dictu·</span> 
     </span>
     <span class='ocr_line' id='line_1_15' title="bbox 201 2019 354 2067; baseline 0.013 -3"><span class='ocrx_word' id='word_1_94' title='bbox 201 2020 252 2067; x_wconf 84' lang='lat' dir='ltr'>rus</span> <span class='ocrx_word' id='word_1_95' title='bbox 275 2019 354 2066; x_wconf 85' lang='lat' dir='ltr'>sum.</span> 
     </span>
    </p>

    <p class='ocr_par' dir='ltr' id='par_1_5' title="bbox 200 2113 1248 2534">
     <span class='ocr_line' id='line_1_16' title="bbox 285 2113 1247 2198; baseline 0.002 -20"><span class='ocrx_word' id='word_1_96' title='bbox 285 2113 449 2179; x_wconf 83' lang='lat' dir='ltr'>Postremo</span> <span class='ocrx_word' id='word_1_97' title='bbox 471 2133 541 2178; x_wconf 82' lang='lat' dir='ltr'>mea</span> <span class='ocrx_word' id='word_1_98' title='bbox 572 2113 699 2196; x_wconf 91' lang='lat' dir='ltr'>quidem</span> <span class='ocrx_word' id='word_1_99' title='bbox 722 2115 882 2179; x_wconf 83' lang='lat' dir='ltr'>sententia</span> <span class='ocrx_word' id='word_1_100' title='bbox 911 2114 1007 2178; x_wconf 85' lang='lat' dir='ltr'>etiam</span> <span class='ocrx_word' id='word_1_101' title='bbox 1031 2113 1143 2180; x_wconf 85' lang='lat' dir='ltr'>ultima</span> <span class='ocrx_word' id='word_1_102' title='bbox 1165 2115 1184 2198; x_wconf 63' lang='grc' dir='ltr'>ξ</span> <span class='ocrx_word' id='word_1_103' title='bbox 1208 2116 1247 2180; x_wconf 95' lang='grc'>17</span> 
     </span>
     <span class='ocr_line' id='line_1_17' title="bbox 201 2225 1248 2308; baseline 0.002 -19"><span class='ocrx_word' id='word_1_104' title='bbox 201 2245 230 2305; x_wconf 90' lang='lat' dir='ltr'>p.</span> <span class='ocrx_word' id='word_1_105' title='bbox 246 2225 308 2290; x_wconf 85' lang='grc'>776</span> <span class='ocrx_word' id='word_1_106' title='bbox 331 2226 364 2292; x_wconf 82' lang='lat' dir='ltr'>(i.</span> <span class='ocrx_word' id='word_1_107' title='bbox 387 2225 485 2292; x_wconf 83' lang='lat' dir='ltr'>verba</span> <span class='ocrx_word' id='word_1_108' title='bbox 507 2225 701 2291; x_wconf 86' lang='lat' dir='ltr'>Artemidori</span> <span class='ocrx_word' id='word_1_109' title='bbox 731 2232 822 2306; x_wconf 87' lang='lat' dir='ltr'>sunt,</span> <span class='ocrx_word' id='word_1_110' title='bbox 853 2231 886 2290; x_wconf 87' lang='lat' dir='ltr'>et</span> <span class='ocrx_word' id='word_1_111' title='bbox 908 2227 990 2308; x_wconf 83' lang='lat' dir='ltr'>quod</span> <span class='ocrx_word' id='word_1_112' title='bbox 1015 2225 1137 2307; x_wconf 88' lang='lat' dir='ltr'>omnio,</span> <span class='ocrx_word' id='word_1_113' title='bbox 1166 2245 1248 2306; x_wconf 82' lang='lat' dir='ltr'>quae</span> 
     </span>
     <span class='ocr_line' id='line_1_18' title="bbox 200 2329 1246 2420; baseline 0 -20"><span class='ocrx_word' id='word_1_114' title='bbox 200 2337 404 2416; x_wconf 83' lang='lat' dir='ltr'>antecedunt,</span> <span class='ocrx_word' id='word_1_115' title='bbox 435 2337 528 2402; x_wconf 88' lang='lat' dir='ltr'>istius</span> <span class='ocrx_word' id='word_1_116' title='bbox 551 2346 640 2416; x_wconf 87' lang='lat' dir='ltr'>sunt,</span> <span class='ocrx_word' id='word_1_117' title='bbox 658 2343 704 2401; x_wconf 78' lang='lat' dir='ltr'>&#39;et</span> <span class='ocrx_word' id='word_1_118' title='bbox 725 2338 808 2417; x_wconf 90' lang='lat' dir='ltr'>quod</span> <span class='ocrx_word' id='word_1_119' title='bbox 831 2345 1008 2420; x_wconf 87' lang='lat' dir='ltr'>sequuntur</span> <span class='ocrx_word' id='word_1_120' title='bbox 1030 2337 1127 2402; x_wconf 82' lang='lat' dir='ltr'>verba</span> <span class='ocrx_word' id='word_1_121' title='bbox 1153 2329 1246 2402; x_wconf 80' lang='grc' dir='ltr'><strong><em>Ταῦτ’</em></strong></span> 
     </span>
     <span class='ocr_line' id='line_1_19' title="bbox 200 2440 664 2534; baseline 0.004 -24"><span class='ocrx_word' id='word_1_122' title='bbox 200 2443 300 2512; x_wconf 78' lang='grc' dir='ltr'><em>εἰπών</em></span> <span class='ocrx_word' id='word_1_123' title='bbox 323 2448 379 2530; x_wconf 85' lang='lat' dir='ltr'>(se.</span> <span class='ocrx_word' id='word_1_124' title='bbox 398 2440 664 2534; x_wconf 77' lang='grc' dir='ltr'><strong><em>Ἀρτεμίδωρος).</em></strong></span> 
     </span>
    </p>

    <p class='ocr_par' dir='ltr' id='par_1_6' title="bbox 200 2558 1249 2751">
     <span class='ocr_line' id='line_1_20' title="bbox 285 2558 1249 2639; baseline 0 -15"><span class='ocrx_word' id='word_1_125' title='bbox 285 2562 371 2639; x_wconf 83' lang='lat' dir='ltr'><strong>Quas</strong></span> <span class='ocrx_word' id='word_1_126' title='bbox 394 2561 531 2625; x_wconf 89' lang='lat' dir='ltr'>nondum</span> <span class='ocrx_word' id='word_1_127' title='bbox 555 2561 596 2626; x_wconf 85' lang='lat' dir='ltr'>od</span> <span class='ocrx_word' id='word_1_128' title='bbox 619 2561 752 2624; x_wconf 87' lang='lat' dir='ltr'>eundem</span> <span class='ocrx_word' id='word_1_129' title='bbox 784 2558 902 2624; x_wconf 86' lang='lat' dir='ltr'>fontem</span> <span class='ocrx_word' id='word_1_130' title='bbox 926 2559 1052 2639; x_wconf 85' lang='lat' dir='ltr'>rettuli,</span> <span class='ocrx_word' id='word_1_131' title='bbox 1082 2560 1143 2625; x_wconf 85' lang='lat' dir='ltr'>hae</span> <span class='ocrx_word' id='word_1_132' title='bbox 1175 2565 1249 2625; x_wconf 85' lang='lat' dir='ltr'>sunt</span> 
     </span>
     <span class='ocr_line' id='line_1_21' title="bbox 200 2676 323 2751; baseline 0.016 -18"><span class='ocrx_word' id='word_1_133' title='bbox 200 2676 323 2751; x_wconf 86' lang='lat' dir='ltr'>partes:</span> 
     </span>
    </p>

    <p class='ocr_par' dir='ltr' id='par_1_7' title="bbox 203 2776 1249 2977">
     <span class='ocr_line' id='line_1_22' title="bbox 285 2776 1249 2869; baseline -0.003 -20"><span class='ocrx_word' id='word_1_134' title='bbox 285 2783 303 2865; x_wconf 66' lang='grc' dir='ltr'>ξ</span> <span class='ocrx_word' id='word_1_135' title='bbox 328 2784 345 2849; x_wconf 86' lang='grc'>7</span> <span class='ocrx_word' id='word_1_136' title='bbox 368 2803 398 2865; x_wconf 90' lang='lat' dir='ltr'>p.</span> <span class='ocrx_word' id='word_1_137' title='bbox 415 2783 479 2850; x_wconf 89' lang='grc'>770</span> <span class='ocrx_word' id='word_1_138' title='bbox 501 2784 533 2849; x_wconf 83' lang='lat' dir='ltr'>G.</span> <span class='ocrx_word' id='word_1_139' title='bbox 565 2784 712 2849; x_wconf 85' lang='lat' dir='ltr'>averbis</span> <span class='ocrx_word' id='word_1_140' title='bbox 743 2776 828 2846; x_wconf 80' lang='grc' dir='ltr'>ὅπου</span> <span class='ocrx_word' id='word_1_141' title='bbox 850 2802 884 2866; x_wconf 72' lang='grc' dir='ltr'>γε</span> <span class='ocrx_word' id='word_1_142' title='bbox 913 2778 969 2846; x_wconf 78' lang='grc' dir='ltr'>καὶ</span> <span class='ocrx_word' id='word_1_143' title='bbox 991 2780 1110 2869; x_wconf 79' lang='grc' dir='ltr'><em>δένδρα</em></span> <span class='ocrx_word' id='word_1_144' title='bbox 1132 2776 1249 2868; x_wconf 78' lang='grc' dir='ltr'><strong><em>φύεται</em></strong></span> 
     </span>
     <span class='ocr_line' id='line_1_23' title="bbox 203 2893 590 2977; baseline 0.013 -20"><span class='ocrx_word' id='word_1_145' title='bbox 203 2895 240 2957; x_wconf 89' lang='lat' dir='ltr'>ad</span> <span class='ocrx_word' id='word_1_146' title='bbox 263 2893 314 2958; x_wconf 88' lang='lat' dir='ltr'>fin.</span> <span class='ocrx_word' id='word_1_147' title='bbox 339 2896 357 2977; x_wconf 65' lang='grc' dir='ltr'>ξ</span> <span class='ocrx_word' id='word_1_148' title='bbox 380 2894 399 2960; x_wconf 90' lang='grc'>8</span> <span class='ocrx_word' id='word_1_149' title='bbox 422 2915 452 2977; x_wconf 90' lang='lat' dir='ltr'>p.</span> <span class='ocrx_word' id='word_1_150' title='bbox 471 2896 531 2962; x_wconf 92' lang='grc'>771</span> <span class='ocrx_word' id='word_1_151' title='bbox 556 2896 590 2962; x_wconf 84' lang='lat' dir='ltr'>C.</span> 
     </span>
    </p>

    <p class='ocr_par' dir='ltr' id='par_1_8' title="bbox 199 2998 1248 3312">
     <span class='ocr_line' id='line_1_24' title="bbox 287 2998 1248 3092; baseline -0.002 -22"><span class='ocrx_word' id='word_1_152' title='bbox 287 3007 305 3087; x_wconf 62' lang='grc' dir='ltr'>ἓ</span> <span class='ocrx_word' id='word_1_153' title='bbox 329 3007 348 3070; x_wconf 85' lang='grc'>9</span> <span class='ocrx_word' id='word_1_154' title='bbox 370 3026 400 3088; x_wconf 90' lang='lat' dir='ltr'>p.</span> <span class='ocrx_word' id='word_1_155' title='bbox 426 3008 485 3072; x_wconf 84' lang='grc'>771</span> <span class='ocrx_word' id='word_1_156' title='bbox 511 3007 544 3074; x_wconf 85' lang='lat' dir='ltr'>C.</span> <span class='ocrx_word' id='word_1_157' title='bbox 568 3008 649 3070; x_wconf 85' lang='lat' dir='ltr'>med.</span> <span class='ocrx_word' id='word_1_158' title='bbox 678 3002 761 3089; x_wconf 79' lang='grc' dir='ltr'><strong><em>μετὰ</em></strong></span> <span class='ocrx_word' id='word_1_159' title='bbox 789 3003 825 3070; x_wconf 82' lang='grc' dir='ltr'>δὲ</span> <span class='ocrx_word' id='word_1_160' title='bbox 846 3002 902 3092; x_wconf 81' lang='grc' dir='ltr'>τὴν</span> <span class='ocrx_word' id='word_1_161' title='bbox 920 2998 1046 3070; x_wconf 81' lang='grc' dir='ltr'><strong><em>Ἐλαίαν</em></strong></span> <span class='ocrx_word' id='word_1_162' title='bbox 1067 3006 1107 3070; x_wconf 82' lang='lat' dir='ltr'>ad</span> <span class='ocrx_word' id='word_1_163' title='bbox 1131 3027 1248 3088; x_wconf 74' lang='grc' dir='ltr'><em>γυμνη-</em></span> 
     </span>
     <span class='ocr_line' id='line_1_25' title="bbox 204 3109 1247 3203; baseline 0.002 -25"><span class='ocrx_word' id='word_1_164' title='bbox 204 3115 265 3179; x_wconf 83' lang='grc' dir='ltr'>τῶν</span> <span class='ocrx_word' id='word_1_165' title='bbox 286 3109 475 3203; x_wconf 71' lang='grc' dir='ltr'><em>ἀνθρώπιον</em></span> <span class='ocrx_word' id='word_1_166' title='bbox 497 3114 662 3198; x_wconf 80' lang='grc' dir='ltr'><strong><em>κατοικία,</em></strong></span> <span class='ocrx_word' id='word_1_167' title='bbox 696 3127 728 3182; x_wconf 85' lang='lat' dir='ltr'>et</span> <span class='ocrx_word' id='word_1_168' title='bbox 760 3119 832 3182; x_wconf 86' lang='lat' dir='ltr'>inde</span> <span class='ocrx_word' id='word_1_169' title='bbox 855 3119 895 3182; x_wconf 86' lang='lat' dir='ltr'>ab</span> <span class='ocrx_word' id='word_1_170' title='bbox 918 3116 1000 3201; x_wconf 82' lang='grc' dir='ltr'><strong><em>μετὰ</em></strong></span> <span class='ocrx_word' id='word_1_171' title='bbox 1025 3115 1062 3181; x_wconf 78' lang='grc' dir='ltr'>δὲ</span> <span class='ocrx_word' id='word_1_172' title='bbox 1083 3115 1159 3194; x_wconf 81' lang='grc' dir='ltr'>τούς</span> <span class='ocrx_word' id='word_1_173' title='bbox 1181 3112 1247 3181; x_wconf 84' lang='grc' dir='ltr'>Κό-</span> 
     </span>
     <span class='ocr_line' id='line_1_26' title="bbox 199 3225 644 3312; baseline 0.011 -22"><span class='ocrx_word' id='word_1_174' title='bbox 199 3239 302 3305; x_wconf 82' lang='grc' dir='ltr'><em>νωνος</em></span> <span class='ocrx_word' id='word_1_175' title='bbox 322 3225 456 3312; x_wconf 78' lang='grc' dir='ltr'><em>βωμούς</em></span> <span class='ocrx_word' id='word_1_176' title='bbox 477 3232 518 3295; x_wconf 81' lang='lat' dir='ltr'>ad</span> <span class='ocrx_word' id='word_1_177' title='bbox 540 3230 644 3297; x_wconf 88' lang='lat' dir='ltr'>finem.</span> 
     </span>
    </p>

    <p class='ocr_par' dir='ltr' id='par_1_9' title="bbox 287 3333 1248 3428">
     <span class='ocr_line' id='line_1_27' title="bbox 287 3333 1248 3428; baseline -0.008 -17"><span class='ocrx_word' id='word_1_178' title='bbox 287 3346 306 3428; x_wconf 65' lang='grc' dir='ltr'>ἓ</span> <span class='ocrx_word' id='word_1_179' title='bbox 330 3346 371 3411; x_wconf 91' lang='grc'>10</span> <span class='ocrx_word' id='word_1_180' title='bbox 392 3363 423 3425; x_wconf 87' lang='lat' dir='ltr'>p.</span> <span class='ocrx_word' id='word_1_181' title='bbox 440 3344 500 3408; x_wconf 88' lang='grc'>771</span> <span class='ocrx_word' id='word_1_182' title='bbox 525 3344 557 3410; x_wconf 86' lang='lat' dir='ltr'>O.</span> <span class='ocrx_word' id='word_1_183' title='bbox 579 3341 698 3426; x_wconf 76' lang='grc' dir='ltr'><strong>1111.τῴ</strong></span> <span class='ocrx_word' id='word_1_184' title='bbox 722 3334 756 3404; x_wconf 78' lang='lat' dir='ltr'>ri&#39;</span> <span class='ocrx_word' id='word_1_185' title='bbox 777 3333 969 3427; x_wconf 76' lang='grc' dir='ltr'><em>Ἀντιφίλου</em></span> <span class='ocrx_word' id='word_1_186' title='bbox 995 3337 1101 3424; x_wconf 82' lang='grc' dir='ltr'><em>λιμένι</em></span> <span class='ocrx_word' id='word_1_187' title='bbox 1125 3342 1167 3407; x_wconf 82' lang='lat' dir='ltr'>ad</span> <span class='ocrx_word' id='word_1_188' title='bbox 1188 3364 1248 3404; x_wconf 83' lang='grc' dir='ltr'>κα-</span> 
     </span>
    </p>

    <p class='ocr_par' dir='ltr' id='par_1_10' title="bbox 206 3451 1251 3986">
     <span class='ocr_line' id='line_1_28' title="bbox 206 3451 365 3539; baseline 0.013 -21"><span class='ocrx_word' id='word_1_189' title='bbox 206 3451 365 3539; x_wconf 78' lang='grc' dir='ltr'><em>λούμενον.</em></span> 
     </span>
     <span class='ocr_line' id='line_1_29' title="bbox 224 3555 1250 3650; baseline -0.005 -17"><span class='ocrx_word' id='word_1_190' title='bbox 224 3614 227 3620; x_wconf 77' lang='lat'><em>,</em></span> <span class='ocrx_word' id='word_1_191' title='bbox 288 3569 306 3650; x_wconf 66' lang='grc' dir='ltr'>ξ</span> <span class='ocrx_word' id='word_1_192' title='bbox 330 3568 370 3633; x_wconf 87' lang='grc'>13</span> <span class='ocrx_word' id='word_1_193' title='bbox 392 3588 422 3650; x_wconf 90' lang='lat' dir='ltr'>p.</span> <span class='ocrx_word' id='word_1_194' title='bbox 438 3566 511 3645; x_wconf 83' lang='grc'>772,</span> <span class='ocrx_word' id='word_1_195' title='bbox 534 3567 596 3631; x_wconf 88' lang='grc'>773</span> <span class='ocrx_word' id='word_1_196' title='bbox 612 3566 644 3632; x_wconf 84' lang='grc' dir='ltr'>Ο.</span> <span class='ocrx_word' id='word_1_197' title='bbox 669 3566 708 3631; x_wconf 86' lang='lat' dir='ltr'>ab</span> <span class='ocrx_word' id='word_1_198' title='bbox 731 3566 822 3631; x_wconf 91' lang='lat' dir='ltr'>initio</span> <span class='ocrx_word' id='word_1_199' title='bbox 845 3565 886 3628; x_wconf 81' lang='lat' dir='ltr'>ad</span> <span class='ocrx_word' id='word_1_200' title='bbox 909 3558 1032 3648; x_wconf 78' lang='grc' dir='ltr'><strong><em>στύραξ</em></strong></span> <span class='ocrx_word' id='word_1_201' title='bbox 1053 3555 1110 3628; x_wconf 76' lang='grc' dir='ltr'>οὐκ</span> <span class='ocrx_word' id='word_1_202' title='bbox 1133 3556 1250 3647; x_wconf 82' lang='grc' dir='ltr'><strong><em>ὀλίγας.</em></strong></span> 
     </span>
     <span class='ocr_line' id='line_1_30' title="bbox 212 3673 1250 3766; baseline -0.007 -21"><span class='ocrx_word' id='word_1_203' title='bbox 212 3755 217 3766; x_wconf 45' lang='lat'>‚</span> <span class='ocrx_word' id='word_1_204' title='bbox 288 3679 372 3762; x_wconf 73' lang='lat'>§14</span> <span class='ocrx_word' id='word_1_205' title='bbox 393 3699 423 3761; x_wconf 90' lang='lat' dir='ltr'>p.</span> <span class='ocrx_word' id='word_1_206' title='bbox 448 3679 527 3756; x_wconf 83' lang='grc'>773,</span> <span class='ocrx_word' id='word_1_207' title='bbox 550 3677 613 3743; x_wconf 86' lang='grc'>774</span> <span class='ocrx_word' id='word_1_208' title='bbox 643 3676 676 3742; x_wconf 83' lang='lat' dir='ltr'>G.</span> <span class='ocrx_word' id='word_1_209' title='bbox 710 3677 845 3744; x_wconf 86' lang='lat' dir='ltr'>maxime</span> <span class='ocrx_word' id='word_1_210' title='bbox 878 3693 954 3757; x_wconf 86' lang='lat' dir='ltr'>pars</span> <span class='ocrx_word' id='word_1_211' title='bbox 985 3676 1059 3740; x_wconf 87' lang='lat' dir='ltr'>inde</span> <span class='ocrx_word' id='word_1_212' title='bbox 1093 3693 1112 3738; x_wconf 86' lang='lat' dir='ltr'>a</span> <span class='ocrx_word' id='word_1_213' title='bbox 1144 3673 1250 3741; x_wconf 82' lang='lat' dir='ltr'>verbis</span> 
     </span>
     <span class='ocr_line' id='line_1_31' title="bbox 210 3783 1251 3877; baseline -0.002 -25"><span class='ocrx_word' id='word_1_214' title='bbox 210 3793 268 3854; x_wconf 85' lang='grc' dir='ltr'>τῶν</span> <span class='ocrx_word' id='word_1_215' title='bbox 289 3789 326 3856; x_wconf 84' lang='grc' dir='ltr'>δὲ</span> <span class='ocrx_word' id='word_1_216' title='bbox 348 3786 451 3877; x_wconf 78' lang='grc' dir='ltr'><em>νήσων</em></span> <span class='ocrx_word' id='word_1_217' title='bbox 480 3785 565 3864; x_wconf 80' lang='grc' dir='ltr'><strong><em>τινὲς</em></strong></span> <span class='ocrx_word' id='word_1_218' title='bbox 595 3791 682 3873; x_wconf 84' lang='grc' dir='ltr'><strong><em>τρεῖς</em></strong></span> <span class='ocrx_word' id='word_1_219' title='bbox 713 3785 831 3876; x_wconf 73' lang='grc' dir='ltr'><strong><em>ἐφεξῆς</em></strong></span> <span class='ocrx_word' id='word_1_220' title='bbox 858 3789 981 3867; x_wconf 84' lang='grc' dir='ltr'><strong><em>κεῖνται</em></strong></span> <span class='ocrx_word' id='word_1_221' title='bbox 1012 3804 1111 3868; x_wconf 86' lang='lat' dir='ltr'>usque</span> <span class='ocrx_word' id='word_1_222' title='bbox 1142 3786 1183 3850; x_wconf 84' lang='lat' dir='ltr'>ad</span> <span class='ocrx_word' id='word_1_223' title='bbox 1212 3783 1251 3850; x_wconf 79' lang='grc' dir='ltr'>τὸ</span> 
     </span>
     <span class='ocr_line' id='line_1_32' title="bbox 211 3897 790 3986; baseline 0.003 -20"><span class='ocrx_word' id='word_1_224' title='bbox 211 3897 311 3967; x_wconf 83' lang='grc' dir='ltr'><strong><em>Νότου</em></strong></span> <span class='ocrx_word' id='word_1_225' title='bbox 331 3898 437 3986; x_wconf 83' lang='grc' dir='ltr'><strong><em>κέρας.</em></strong></span> <span class='ocrx_word' id='word_1_226' title='bbox 788 3964 790 3968; x_wconf 86' lang='grc'><em>,</em></span> 
     </span>
    </p>

    <p class='ocr_par' dir='ltr' id='par_1_11' title="bbox 291 4002 1250 4100">
     <span class='ocr_line' id='line_1_33' title="bbox 291 4002 1250 4100; baseline -0.01 -20"><span class='ocrx_word' id='word_1_227' title='bbox 291 4016 309 4100; x_wconf 78' lang='lat'>§</span> <span class='ocrx_word' id='word_1_228' title='bbox 333 4015 373 4081; x_wconf 81' lang='lat'>15</span> <span class='ocrx_word' id='word_1_229' title='bbox 395 4034 425 4095; x_wconf 91' lang='lat' dir='ltr'>p.</span> <span class='ocrx_word' id='word_1_230' title='bbox 443 4013 506 4079; x_wconf 90' lang='grc'>774</span> <span class='ocrx_word' id='word_1_231' title='bbox 529 4012 561 4080; x_wconf 85' lang='lat' dir='ltr'>O.</span> <span class='ocrx_word' id='word_1_232' title='bbox 585 4006 661 4078; x_wconf 83' lang='grc' dir='ltr'><strong><em>Εἰσὶ</em></strong></span> <span class='ocrx_word' id='word_1_233' title='bbox 682 4007 739 4077; x_wconf 84' lang='grc' dir='ltr'>καὶ</span> <span class='ocrx_word' id='word_1_234' title='bbox 761 4009 875 4099; x_wconf 81' lang='grc' dir='ltr'><strong><em>στῆλαι</em></strong></span> <span class='ocrx_word' id='word_1_235' title='bbox 902 4013 944 4077; x_wconf 87' lang='lat' dir='ltr'>ad</span> <span class='ocrx_word' id='word_1_236' title='bbox 964 4006 1003 4075; x_wconf 85' lang='grc' dir='ltr'>τὸ</span> <span class='ocrx_word' id='word_1_237' title='bbox 1027 4007 1063 4074; x_wconf 82' lang='grc' dir='ltr'>δὲ</span> <span class='ocrx_word' id='word_1_238' title='bbox 1086 4002 1250 4095; x_wconf 76' lang='grc' dir='ltr'><strong><em>διάστημα</em></strong></span> 
     </span>
    </p>
   </div>
   <div class='ocr_carea' id='block_1_3' title="bbox 0 0 1663 5006">
    <p class='ocr_par' dir='ltr' id='par_1_12' title="bbox 0 0 1663 5006">
     <span class='ocr_line' id='line_1_34' title="bbox 0 0 1663 5006; baseline 0 0"><span class='ocrx_word' id='word_1_239' title='bbox 0 0 1663 5006; x_wconf 95' lang='lat' dir='ltr'> </span> 
     </span>
    </p>
   </div>
  </div>
 </body>
</html>
