3300 5018
789 385 1001 450 -46-

371 556 457 622 inter
472 555 540 622 aius
556 555 742 637 Olandiiqna
765 561 902 622 aetatem
919 556 1024 639 prima
1046 555 1121 622 urbs
1139 555 1271 622 exstitit.
1307 556 1421 637 Itaque

372 668 468 734 verba
491 687 516 733 c.
537 669 569 749 4,
593 669 611 734 7
634 688 665 749 p.
683 668 743 733 159
766 667 811 750 0.,
834 667 1010 750 dequibus
1033 686 1114 732 nunc
1136 667 1253 750 agitur,
1284 672 1341 731 aut
1362 667 1420 732 sub

372 777 465 844 finem
488 778 576 860 regni
599 779 735 860 Augusti
758 784 816 844 aut
837 778 931 860 paulo
953 785 1027 860 post
1049 778 1170 860 scripta
1192 785 1275 844 sunt.

457 891 524 954 Iam
540 908 615 955 nero
637 897 744 955 cetera
759 889 988 969 additamenta,
1011 908 1091 971 quac
1107 908 1168 970 quo
1191 896 1334 969 tempore
1349 906 1422 954 con-

374 1002 444 1066 dita
465 1001 539 1078 sint,
562 1000 767 1066 coniectando
789 1001 915 1081 assequi
936 1001 1021 1081 licet,
1044 1006 1118 1065 sunt
1140 1001 1234 1065 haec:
1269 1000 1325 1065 III.
1352 1003 1378 1079 i,
1402 1000 1421 1064 8

375 1132 406 1194 p.
424 1113 486 1177 140
509 1110 543 1177 C.
565 1101 602 1199 ἢν
624 1109 660 1176 δὲ
682 1109 739 1176 καὶ
761 1110 861 1198 mque
890 1113 930 1175 ad
949 1103 1084 1176 Ἰουλίαν
1095 1106 1206 1190 ’Ίοζαν
1233 1109 1291 1199 τὴν
1314 1107 1422 1191 πόλιν,

373 1243 445 1289 cum
467 1223 528 1288 hoo
564 1242 674 1289 nomen
704 1229 761 1287 aut
791 1243 810 1288 a
833 1222 967 1288 Caesare
996 1228 1053 1288 aut
1082 1222 1122 1287 ab
1146 1223 1290 1305 Augusto
1312 1225 1422 1290 datum

374 1352 444 1401 essa
474 1353 600 1401 necesse
630 1334 682 1399 sit.
743 1333 864 1399 Deinde
895 1332 967 1398 finis
997 1353 1022 1399 c.
1044 1334 1122 1414 2,1
1156 1354 1186 1416 p.
1205 1336 1262 1402 141
1287 1336 1322 1401 C.
1351 1342 1423 1417 post

376 1443 521 1510 Caesaris
543 1451 681 1511 aetatem
698 1445 743 1526 (p.
758 1444 826 1528 39),
848 1464 873 1511 o.
889 1447 919 1525 2,
942 1445 962 1508 2
984 1464 1014 1525 p.
1034 1443 1093 1512 141
1107 1445 1140 1510 G.
1163 1445 1258 1517 Sexto
1274 1446 1424 1537 Pompeio

375 1563 500 1621 mortuo
523 1555 626 1634 Mileti
659 1575 739 1620 anno
769 1555 811 1621 35
833 1575 861 1620 a.
884 1554 956 1620 (ihr.
979 1574 1019 1635 n.‚
1049 1563 1083 1620 et
1115 1575 1140 1621 c.
1162 1556 1193 1633 4,
1216 1558 1235 1622 6
1258 1577 1288 1639 p.
1306 1559 1367 1625 159
1389 1558 1423 1624 C.

375 1687 436 1732 non
460 1675 535 1732 ante
558 1667 736 1747 Augustum
765 1670 807 1747 (p.
823 1666 878 1746 36)
902 1667 1076 1747 composita
1106 1673 1188 1732 sunt.
1233 1667 1424 1750 Comproba-

376 1785 429 1842 tur
451 1778 551 1860 igitur
572 1783 751 1860 temporum
768 1780 900 1860 ratione,
922 1782 1007 1861 quod
1026 1800 1083 1862 per
1105 1799 1139 1846 se
1160 1780 1424 1846 verisimillimum

375 1896 434 1969 est,
457 1890 536 1955 haec
552 1890 771 1956 additamenta
792 1891 898 1955 omnia
920 1892 1110 1956 adeundam
1135 1896 1294 1957 auctorem
1312 1891 1424 1957 redire.

376 2001 436 2077 Qui
460 2001 531 2082 quis
552 2000 666 2078 fuerit,
696 2001 774 2068 haec
797 2002 941 2082 quaestio
963 2020 1123 2084 nunquam
1145 2001 1213 2066 fore
1236 2009 1271 2067 ut
1293 2004 1336 2066 ad
1358 2021 1426 2067 cer·

378 2118 445 2177 tum
467 2111 560 2178 finem
592 2113 787 2193 perducatur
818 2113 978 2190 existimo,
1009 2114 1186 2180 Romanum
1217 2119 1323 2178 autern
1354 2132 1425 2179 eum

376 2222 474 2288 fuisse
496 2230 529 2288 et
551 2224 727 2304 particulae
749 2243 774 2289 c.
801 2227 828 2305 1,
850 2224 871 2286 4
893 2244 922 2306 p.
940 2225 1002 2289 138
1025 2223 1058 2289 (i.
1081 2233 1113 2289 et
1135 2226 1155 2290 8
1178 2245 1208 2306 p.
1226 2225 1289 2292 140
1311 2223 1344 2290 C.
1367 2224 1424 2290 ad·

377 2335 465 2398 ditae
488 2340 657 2415 testantur,
681 2335 931 2418 necquidquam
954 2335 1128 2415 invenitur,
1151 2338 1237 2417 quod
1259 2355 1315 2402 nos
1331 2336 1425 2402 aliud

377 2446 454 2526 quid
477 2450 570 2527 cogat
592 2452 743 2511 statuere.

464 2571 586 2650 Quibus
608 2573 703 2638 rebus
724 2575 877 2656 expositis
900 2593 969 2640 cum
992 2576 1056 2640 iam
1078 2576 1238 2656 quaestio,
1268 2595 1362 2659 quam
1386 2578 1426 2641 de

378 2685 512 2751 circuitu
535 2684 709 2766 Hispaniae
731 2685 856 2750 institui
888 2686 989 2768 dequo
1012 2687 1052 2750 iis
1074 2686 1228 2767 partibus,
1251 2706 1426 2770 quaecum

378 2796 501 2878 periplo
523 2794 709 2876 cohaerent,
743 2795 912 2878 profligata
943 2799 1002 2877 sit,
1036 2798 1204 2864 transitum
1237 2798 1352 2864 faciam
1385 2801 1427 2864 ad

278 2952 281 2960 ·
378 2908 493 2972 librum
516 2914 672 2973 sentum
696 2909 899 2974 decimum.

792 3171 902 3242 Liber
922 3173 1020 3242 XVI.

464 3338 568 3404 Huius
590 3337 664 3402 libri
688 3339 727 3401 de
742 3336 882 3404 fontibus
904 3356 973 3403 aum
996 3339 1159 3421 hucusque
1183 3338 1259 3403 nihil
1275 3338 1353 3404 certi
1375 3357 1428 3402 ex·

380 3449 540 3532 ploratum
572 3449 630 3530 sit,
661 3467 727 3512 rem
751 3449 925 3530 aptissime,
957 3449 1078 3531 opinor,
1108 3450 1156 3515 ita
1178 3449 1359 3530 instituam,
1393 3457 1429 3515 ut

380 3562 475 3626 nnius
498 3567 621 3626 tantum
643 3561 782 3626 auctoris
797 3558 976 3642 fragmenta
997 3579 1015 3625 e
1038 3567 1106 3625 toto
1120 3561 1202 3626 libro
1217 3560 1349 3642 eliciam,
1366 3579 1429 3642 quo

311 3685 313 3688 ·
381 3671 466 3738 iacto
488 3670 727 3736 fundamentum
752 3677 947 3736 exstructum
978 3671 1056 3751 erit,
1086 3672 1171 3737 unde
1192 3672 1249 3750 iis,
1280 3673 1333 3754 qui
1357 3672 1430 3737 reli·

381 3800 514 3864 quarum
546 3781 620 3846 libri
642 3782 781 3863 partium
805 3781 958 3864 originem
980 3783 1134 3864 indagare
1156 3781 1348 3862 studebunt,
1380 3800 1431 3846 or-

382 3893 532 3958 diendum
555 3892 626 3957 erit.
671 3895 717 3958 Ac
733 3892 893 3958 dubitanti
917 3892 1004 3975 mihi,
1027 3892 1115 3958 cuius
1133 3893 1331 3975 potissimum
1355 3913 1430 3961 auc·

382 4003 460 4072 toris
482 4002 669 4085 fragmentis
691 4023 820 4086 operam
844 4006 971 4085 darem,
1004 4006 1157 4085 optimum
1181 4005 1348 4072 ridebatur
1371 4007 1431 4080 itr-
