3292 5006
782 329 995 394 ...86-

363 518 433 565 curn
466 498 658 564 Artemidori
690 498 772 562 libro
804 500 982 579 comparari
1016 517 1075 562 non
1107 503 1248 579 possunt.
1301 499 1417 578 Itaque

363 631 428 675 rem
452 611 590 675 noudum
613 610 654 675 ad
678 615 799 676 certum
822 608 916 676 finem
938 613 1112 692 perducere
1135 609 1216 674 licet.

449 721 532 804 §25
553 742 583 803 p.
603 722 667 788 804
690 722 722 788 Ο.
754 721 853 803 Vogel
884 728 917 786 et
949 721 1048 787 Evers
1080 721 1100 784 l.
1123 721 1143 784 l.
1173 740 1204 802 p.
1221 719 1263 784 34
1293 736 1416 784 summo

365 835 433 898 lure
448 833 650 897 Artemidoro
673 833 868 914 adscribunt,
891 833 976 914 quod
992 851 1063 898 cum
1079 831 1171 895 Diod.
1189 832 1213 894 l.
1236 832 1289 911 33,
1308 831 1416 895 8-12

345 945 481 1025 optime
504 944 667 1008 consentit.
711 945 744 1008 Is
775 950 881 1010 autem
904 945 963 1010 111.
991 945 1044 1018 ll,
1068 945 1087 1008 2
1117 941 1286 1025 profitetur
1318 961 1352 1006 se
1383 942 1415 1006 in

364 1055 570 1120 describenda
591 1056 737 1138 Aegypto
767 1057 937 1138 praecipue
960 1056 1234 1138 Agatharchidem
1264 1060 1298 1119 et
1320 1053 1416 1118 Arte-

364 1167 522 1231 midorum
544 1167 780 1250 adhibuisse1).

449 1277 511 1342 Sed
540 1277 674 1343 alterum
703 1279 800 1343 nolim
830 1277 981 1361 probare,
1013 1279 1097 1360 quod
1120 1277 1219 1360 Vogel
1252 1284 1285 1342 et
1314 1276 1417 1342 Evers

364 1391 522 1467 sentiunt,
558 1389 731 1455 Diodorum
764 1408 888 1472 quoque
921 1408 1001 1471 quae
1042 1391 1170 1456 exhibet
1212 1387 1415 1453 Artemidoro

365 1501 491 1565 debere.
534 1499 641 1565 Primo
663 1502 777 1566 obtutu
801 1506 887 1567 certe
909 1521 1017 1568 omues
1040 1503 1123 1566 idem
1147 1500 1325 1582 putabunt,
1358 1500 1415 1565 sed

369 1613 549 1677 accuratius
571 1612 750 1693 inspicienti
774 1614 853 1678 satis
875 1613 987 1693 gravia
1010 1613 1147 1679 obstant.
1199 1598 1341 1676 Primum
1370 1612 1416 1677 vi-

366 1724 513 1805 deamus,
545 1724 811 1807 quaeuem'iuter
840 1724 1026 1791 Strabonem
1058 1732 1091 1790 et
1120 1724 1294 1789 Diodorum
1326 1723 1416 1788 diffe-

367 1836 487 1900 rentiae
521 1836 594 1900 siut.
651 1837 739 1914 Quae
774 1835 888 1901 Strabo
920 1837 1024 1903 verbis
1058 1835 1186 1922 διαρρεῖ
1221 1836 1262 1900 ad
1296 1827 1417 1917 ὀρνέων

305 2013 308 2019 ,
366 1947 476 2026 tradit,
498 1947 584 2027 apud
602 1947 775 2011 Diodorum
792 1948 916 2012 desunt.
959 1948 1041 2012 ltem
1060 1947 1146 2012 solus
1163 1947 1276 2012 Strabo
1295 1951 1417 2023 narrat,

367 2058 541 2130 Sesostrem
570 2058 707 2139 primum
737 2057 854 2122 fossam
877 2077 914 2122 ex
937 2059 1009 2124 Nilo
1041 2059 1081 2123 ad
1116 2059 1220 2123 sinum
1244 2056 1416 2122 Arabicum

367 2171 504 2250 duxisse,
527 2187 596 2234 cum
621 2169 706 2234 solus
722 2169 881 2234 Diodorus
896 2188 1006 2234 nornen
1021 2169 1125 2235 fossae
1147 2169 1232 2234 illius
1248 2170 1279 2233 in
1305 2168 1418 2234 ultimo

330 2357 333 2364 ¹
367 2279 482 2364 capitis
504 2282 667 2346 enuntiato
684 2281 802 2346 tradat.
844 2282 1015 2347 Praeterea
1032 2283 1108 2345 ordo
1131 2300 1235 2346 rerum
1259 2299 1319 2345 non
1335 2298 1418 2346 sem·

367 2413 425 2475 per
452 2392 535 2458 idern
568 2399 636 2472 est,
668 2391 783 2458 Strabo
814 2392 905 2458 initio
937 2392 1025 2458 urbis
1048 2393 1197 2457 Arsinoes
1225 2393 1417 2457 mentionem

367 2504 460 2581 lacit,
483 2503 642 2568 Diodorus
670 2506 700 2568 in
723 2502 796 2568 fine:
838 2503 968 2569 Maioris
991 2506 1140 2586 momenti
1163 2510 1230 2585 est,
1260 2505 1345 2585 quod
1370 2523 1418 2568 se·

366 2616 502 2696 cundum
525 2614 712 2681 Strabonem
735 2615 910 2680 Ptolemaei
939 2635 1029 2696 reges
1060 2634 1140 2698 opus
1164 2617 1205 2680 ad
1228 2613 1321 2680 finem
1344 2634 1417 2695 per-

368 2729 534 2807 duxerunt,
556 2727 693 2791 Diodoro
715 2734 822 2792 autern
852 2732 935 2792 teste
958 2727 1158 2793 Ptolemaeus
1181 2727 1223 2791 11.
1269 2726 1332 2792 Sed
1355 2725 1418 2792 for-

288 2918 289 2922 *
366 2846 451 2904 tasse
480 2840 559 2905 haec
598 2840 703 2903 omnia
733 2837 825 2920 parvi
859 2839 1059 2904 aestimanda
1089 2845 1204 2915 esseut,
1238 2841 1299 2904 nisi
1328 2839 1417 2904 aliud

368 2951 443 3034 quid
466 2951 641 3016 accederet.

454 3063 552 3127 Extat
574 3062 666 3139 enim,
689 3068 725 3125 ut
747 3079 844 3142 supra
866 3061 1091 3140 demonstravi,
1114 3061 1226 3126 similis
1249 3079 1419 3127 consensus

368 3177 463 3241 etiam
487 3175 570 3240 inter
592 3192 739 3255 magnam
762 3180 887 3255 partem
911 3173 1016 3238 Strab.
1039 3173 1121 3238 XVI.
1144 3176 1167 3240 4
1188 3192 1218 3254 p.
1237 3174 1300 3241 769
1316 3193 1364 3256 sq.
1384 3176 1417 3242 O.

368 3295 401 3351 et
423 3287 506 3351 inter
528 3286 702 3351 Diodorum
724 3286 780 3350 III.
824 3284 991 3350 Nonnullis
1021 3283 1098 3349 locis
1125 3286 1168 3351 ad
1198 3285 1329 3362 verbum
1352 3285 1418 3353 fere

368 3399 452 3463 idern
484 3397 641 3479 praebent
673 3397 715 3480 (si
748 3415 768 3460 a
801 3395 974 3461 levioribus
1007 3396 1198 3478 quibusdam
1230 3397 1419 3464 differentiis

369 3509 575 3592 discesseris),
598 3508 686 3573 cuius
709 3508 756 3573 rei
778 3508 929 3571 nonnulla
951 3507 1095 3588 exempla
1110 3526 1263 3589 promam.

459 3703 488 3774 l)
512 3699 643 3771 Accedit,
668 3699 744 3778 quod
769 3697 841 3777 §26
858 3720 886 3776 p.
907 3703 965 3756 804
983 3699 1023 3770 0.,
1046 3698 1125 3756 uude
1147 3699 1302 3758 Strabonis
1325 3701 1419 3778 ipsius

371 3785 530 3862 descriptio
553 3785 674 3862 incipit,
704 3785 852 3843 Arsinoen
877 3791 907 3843 et
929 3783 1145 3860 Cleopatridem
1174 3787 1262 3844 urbas
1285 3786 1367 3846 iuter
1389 3808 1419 3847 ae

373 3873 505 3932 diversas
528 3892 592 3930 osae
614 3871 755 3944 legimus,
787 3889 853 3928 aum
883 3868 1086 3928 antecedentia
1119 3873 1298 3948 paragraphi
1331 3872 1418 3949 initio

371 3959 429 4016 duo
446 3964 562 4017 tautum
585 3957 706 4015 nomina
729 3956 860 4015 eiusdem
883 3956 964 4016 urbia
987 3975 1051 4016 aare
1067 3955 1212 4016 dicantur.
