3292 5006
622 347 833 414 -91-

214 514 325 584 Strabo
346 516 430 582 XVI.
460 517 497 599 4,
527 515 548 581 5
577 537 607 599 p.
625 518 687 584 769
709 518 742 584 C.
774 523 900 594 narrat,
924 518 1034 584 Sinum
1057 519 1258 585 Immundum
1355 569 1358 576 ,

211 635 242 693 et
263 627 365 694 Muris
383 634 509 710 portum
534 635 644 694 contra
659 629 855 696 Thebaidem
877 630 1014 711 positum
1038 647 1116 696 esse.
1161 630 1258 695 Gros-

209 738 369 805 burdii.
393 739 538 818 miratur,
560 739 715 822 quomodo
731 739 846 806 Strabo
869 739 920 806 his
942 741 1065 807 duobus
1088 742 1165 806 locis
1188 748 1259 806 tan-

208 858 274 916 tum
296 869 428 934 peccare
450 849 602 933 potuerit,
625 851 814 933 praesertim
837 870 928 931 cum,
950 870 1013 934 quo
1035 853 1139 934 spatio
1162 853 1259 917 Bere·

208 964 274 1029 nice
305 961 390 1028 absit
418 961 459 1027 ab
481 968 669 1044 aequatore,
702 962 877 1030 rectissime
900 963 1070 1028 tradiderit
1099 965 1140 1029 II.
1163 963 1194 1044 5,
1216 962 1258 1028 36

207 1095 236 1156 p.
253 1074 315 1139 133
339 1073 371 1139 0.
394 1073 549 1154 Equidem
572 1073 710 1138 arbitror
732 1073 918 1140 Strabonem
948 1074 1013 1139 illis
1044 1075 1121 1141 locis
1152 1072 1256 1139 fontes

207 1186 289 1252 inter
310 1205 343 1251 se
366 1185 507 1250 diversos
529 1184 722 1250 adhibuisse.
767 1186 808 1251 11.
823 1185 918 1268 5,·36
940 1186 1050 1268 p.133
1072 1185 1107 1251 Ο.
1129 1189 1258 1250 secutus

207 1303 255 1362 est
270 1296 523 1376 Eratosthenem,
546 1296 630 1362 XVI.
652 1298 684 1377 4,
705 1298 727 1363 5
748 1317 779 1378 p.
796 1296 860 1363 769
875 1297 908 1363 O.
924 1297 1174 1377 Artemidorum,
1196 1316 1260 1379 qua

209 1411 249 1474 de
264 1427 297 1473 re
312 1408 377 1474 iam
392 1426 489 1490 supra
505 1408 703 1490 disputatum
720 1415 770 1474 est
784 1412 830 1491 (p.
845 1409 910 1491 52).
953 1409 1033 1475 Inde
1055 1406 1200 1486 efficitur,
1222 1414 1260 1472 ut

210 1521 297 1586 locus
310 1520 409 1585 XVII.
427 1521 456 1600 3,
471 1518 514 1584 45
528 1539 559 1600 p.
576 1518 639 1585 815
656 1519 690 1585 O.
714 1538 732 1584 e
768 1521 836 1601 ipse
858 1521 890 1585 in
915 1539 1042 1585 numero
1065 1520 1260 1586 Artemidori

212 1631 460 1714 fragmentorum
474 1631 638 1697 habendus
656 1631 708 1696 sit.
723 1630 876 1697 Videmus
892 1632 991 1714 igitur
1001 1633 1117 1698 iterum
1130 1630 1260 1697 Strabo-

208 1763 275 1808 nem
293 1743 324 1807 in
347 1742 386 1807 iis
402 1742 581 1824 regionibus
597 1742 821 1822 describendis,
844 1761 923 1824 quas
938 1743 1008 1824 ipse
1030 1763 1092 1809 non
1107 1762 1259 1826 peragra-

207 1860 307 1934 verat,
338 1855 470 1919 aliorum
494 1854 683 1935 scriptorum
706 1853 802 1919 libros
825 1854 1017 1934 adhibuisse,
1041 1855 1168 1921 etiamsi
1191 1861 1259 1920 tam

208 1985 306 2048 propa
329 1963 412 2031 afuit
442 1966 564 2032 occasio
589 1965 769 2048 quaerendo
791 1985 858 2030 rem
894 1965 1004 2030 melius
1035 1965 1258 2048 comperiendi.

292 2078 360 2142 Iam
384 2096 459 2142 vero
482 2076 557 2160 §46
580 2083 658 2142 extr.
682 2097 713 2159 p.
730 2077 792 2143 815
816 2076 850 2143 O.
873 2076 1111 2143 Artemidorum
1134 2077 1258 2143 adhibi·

210 2195 275 2254 tum
306 2207 391 2268 esse,
422 2189 523 2254 Evers
550 2188 570 2255 l.
594 2190 615 2254 1.
646 2209 677 2270 p.
693 2190 735 2254 32
766 2190 871 2254 evicit.
929 2189 1146 2270 Reperiuntur
1175 2189 1258 2254 enim

209 2302 302 2366 otiam
337 2301 422 2382 apud
454 2300 546 2366 Diod.
569 2299 593 2366 1.
624 2301 676 2381 45,
700 2302 721 2366 6
752 2300 835 2364 idem
865 2317 975 2366 versus
1005 2300 1150 2381 Homeri,
1179 2318 1259 2383 quos

210 2419 315 2479 nostro
337 2413 405 2477 loco
433 2411 585 2494 legimus,
617 2413 701 2477 unde
731 2411 953 2493 consequitur,
983 2417 1019 2477 ut
1041 2412 1124 2478 idem
1148 2417 1261 2477 auctor

210 2525 248 2589 ab
271 2529 406 2606 utroque
432 2524 586 2604 scriptore
616 2528 788 2605 usurpatus
818 2524 870 2592 sit.
914 2525 1016 2602 Quem
1039 2524 1139 2590 Erers
1161 2523 1258 2589 sumit

209 2636 401 2702 Hecataeum
432 2633 605 2700 Abderiten
636 2633 732 2701 tuisse
762 2652 781 2698 a
812 2635 953 2700 Diodoro
976 2635 1001 2700 1.
1023 2635 1117 2714 46,8
1148 2635 1259 2700 lauda-

210 2754 291 2812 tum:
323 2738 358 2813 ori
381 2740 481 2829 privor
503 2738 536 2809 δ’
560 2742 590 2812 oi
619 2737 688 2809 κατ’
711 2739 890 2829 Αἴγυπτον
913 2740 1011 2831 ἱερεῖς
1033 2743 1070 2810 ἐκ
1091 2749 1156 2810 τιῑν
1177 2739 1258 2810 ἀνα-

209 2861 340 2944 γραφῶν
363 2852 563 2942 ἱστοροῦσιν,
592 2849 676 2921 ἀλλὰ
704 2853 759 2921 καὶ
783 2855 903 2922 πολλοὶ
925 2856 989 2920 τῶν
1004 2851 1160 2944 Ἑλλήνων
1176 2907 1184 2922 .
1201 2907 1208 2922 .
1226 2906 1258 2923 ..

212 2957 253 3032 ὧν
275 2966 346 3034 ἐστι
368 2967 425 3033 καὶ
441 2963 626 3049 Ἑκαταῖος,
650 2987 720 3034 eum
745 2968 842 3051 igitur
864 2987 884 3032 a
906 2968 1062 3034 Strabone
1085 2988 1142 3051 per
1164 2972 1258 3035 Arte·
1367 2987 1369 2990 ·

211 3081 363 3147 midorum
387 3080 566 3146 adhibitum
589 3099 667 3146 esse.
711 3080 814 3158 Quam
836 3080 1048 3146 coniecturam
1072 3080 1168 3146 nolim
1191 3080 1259 3148 lau·

210 3194 302 3272 dare,
332 3196 366 3258 et
387 3193 469 3275 quod
493 3191 579 3257 nulla
602 3211 673 3257 eam
702 3191 826 3258 ratione
849 3191 949 3256 Evers
980 3189 1195 3275 confirmarit,
1227 3201 1259 3258 et

211 3306 308 3385 quod,
339 3304 366 3368 si
390 3304 505 3370 Strabo
529 3323 598 3370 oum
622 3303 760 3368 Diodoro
783 3304 823 3368 de
846 3303 1044 3386 Aegyptiace
1065 3305 1203 3385 quadam
1226 3324 1261 3370 re

211 3417 381 3498 consentit,
413 3415 550 3498 primum
582 3417 621 3479 de
644 3414 883 3496 Agatharchide
911 3415 962 3480 vel
992 3415 1032 3479 dc
1055 3416 1259 3481 Artemidoro

211 3529 412 3611 cogitandum
442 3528 494 3593 sit.
538 3527 656 3610 Utique
688 3527 746 3590 hoc
776 3546 834 3608 pro
864 3531 949 3591 certo
980 3524 1132 3592 affirmari
1154 3532 1261 3608 potest

211 3641 293 3722 apud
323 3639 510 3705 Strabonem
535 3639 771 3705 Artemidorum
801 3644 963 3704 auctorem
986 3656 1064 3704 esse.
1109 3638 1197 3702 Idem
1221 3638 1261 3701 de

211 3761 349 3820 extrema
377 3751 573 3833 paragraphi
609 3753 701 3833 parte
730 3750 935 3815 statuendum
965 3767 1034 3816 esse
1063 3749 1163 3814 Evers
1193 3748 1213 3815 l.
1238 3749 1257 3812 l.

211 3863 333 3945 copiose
347 3863 502 3945 exposuit,
525 3881 595 3927 cum
614 3863 733 3944 optime
749 3866 904 3944 congruat
926 3881 997 3928 cum
1012 3861 1105 3926 Diod.
1123 3860 1147 3926 I.
1162 3861 1215 3941 50,
1230 3861 1259 3924 2.

211 3974 319 4042 Liceat
343 3973 420 4041 mihi
443 3974 589 4059 exempla
610 3974 651 4039 ab
674 3974 729 4040 illo
751 3980 900 4061 prompta
923 3993 983 4041 uno
1006 3973 1067 4040 hoc
1089 3991 1221 4062 augere:
