3292 5006
806 459 1020 526 ...84-

391 631 504 696 Deltae
526 632 652 713 prodit,
682 633 788 715 aliquo
811 651 849 696 ex
883 633 1039 713 scriptore
1062 636 1227 698 mutuatus
1251 637 1309 697 est.
1353 634 1444 698 Men-

391 761 483 807 suras
506 745 589 809 enirn
606 743 685 808 satis
703 743 868 826 supra'(p.
886 745 925 808 71
944 743 1064 824 annot.)
1088 743 1218 809 evicisse
1233 743 1310 808 mihi
1334 745 1446 810 videor

392 854 577 918 Strabonem
593 853 659 920 lere
674 872 798 936 semper
814 854 941 919 aliunde
958 855 1140 935 sumpsisse.
1176 855 1289 936 Itaque
1304 862 1364 935 est,
1389 873 1444 919 cur

391 965 605 1047 inquiramus,
636 966 720 1030 unde
743 966 856 1031 Deltae
889 983 1066 1031 mensuram
1097 965 1248 1030 hauserit.
1294 966 1385 1043 Quod
1409 973 1445 1031 ut

392 1094 625 1157 cognoscamus,
648 1077 861 1158 comparanda
883 1081 974 1157 sunt,
1004 1095 1085 1158 quae
1108 1076 1235 1140 aliunde
1258 1078 1299 1141 de
1322 1078 1444 1159 magni-

391 1188 502 1253 tudine
519 1187 631 1254 Deltae
646 1194 808 1270 comperta
824 1187 985 1252 habemus.
1030 1188 1136 1274 Atque
1151 1188 1269 1269 optime
1284 1189 1446 1271 quadrant

392 1301 433 1363 ad
455 1300 537 1364 hanc
559 1318 738 1364 mensuram
762 1319 827 1377 eae,
850 1319 929 1381 quas
943 1298 1166 1364 Artemidorus
1188 1300 1362 1363 seeundum
1380 1299 1443 1365 Str.
1563 1343 1565 1347 ψ

392 1409 494 1474 XVII.
512 1413 539 1490 1,
555 1410 576 1474 6
598 1431 629 1492 p.
646 1412 704 1478 791
724 1411 758 1476 0.
774 1409 845 1495 (eir.
863 1430 893 1491 p.
911 1410 1051 1493 72-77)
1075 1416 1108 1474 et
1130 1429 1156 1475 c.
1174 1413 1202 1491 1,
1226 1411 1268 1475 24
1291 1429 1322 1491 p.
1334 1411 1400 1476 804
1412 1411 1444 1476 C.

394 1522 517 1602 prodit:
540 1522 580 1586 ab
603 1540 658 1586 ore
674 1521 839 1587 Pelusiaco
862 1521 925 1588 750
940 1526 991 1602 st,
1014 1521 1206 1587 eCanobico
1229 1522 1310 1585 ostio
1326 1521 1390 1588 840
1405 1528 1444 1586 st.

393 1633 435 1697 ad
468 1632 560 1699 finem
595 1633 724 1709 Deltae,
758 1653 777 1697 a
812 1632 969 1698 Canobico
1001 1634 1042 1696 ad
1065 1632 1263 1697 Pelusiacum
1299 1633 1383 1698 1300
1405 1639 1445 1698 st.
1548 1709 1552 1716 ¹

393 1751 514 1826 patere.
558 1744 679 1821 Quibus
702 1744 840 1808 numeris
863 1744 1056 1824 computatis
1082 1741 1264 1810 efficiuntur
1286 1744 1373 1816 2890
1395 1749 1445 1824 st,

395 1875 477 1938 quae
499 1875 622 1922 summa
652 1830 772 1936 optime
794 1855 954 1919 conciliari
984 1862 1092 1936 potest
1115 1874 1185 1920 cum
1208 1874 1262 1935 ea,
1293 1874 1375 1937 quae
1398 1861 1447 1921 est

394 1986 421 2033 c.
446 1969 462 2032 l
486 1967 504 2048 ξ
526 1968 548 2031 4
569 1987 599 2049 p.
617 1965 678 2032 788
702 1964 735 2031 0.
759 1967 798 2030 de
828 1966 963 2030 circuitu
985 1966 1117 2030 Deltae:
1149 1959 1227 2030 ὅσον
1258 1961 1446 2052 τρισχιλίων

394 2071 546 2169 σταδίων.
600 2078 713 2160 Itaque
742 2076 856 2142 Strabo
891 2096 961 2142 eam
991 2096 1029 2143 ex
1059 2078 1253 2144 Artemidori
1282 2079 1363 2143 libro
1394 2098 1447 2144 ex-

396 2188 533 2270 scripsit.

482 2334 501 2416 ξ
523 2334 545 2400 5
565 2354 596 2415 p.
613 2334 675 2400 789
698 2333 731 2398 0.
755 2338 913 2400 tractatur
936 2353 1032 2400 causa
1054 2335 1225 2400 crescentis
1246 2333 1327 2415 Nili,
1350 2354 1446 2418 quam

399 2445 513 2510 Strabo
536 2445 615 2511 dicit
637 2445 783 2526 antiquos
805 2444 1003 2523 coniectura,
1034 2445 1225 2526 posteriores
1248 2445 1375 2528 reipsa
1397 2465 1448 2511 ec·

398 2556 540 2622 curatius
570 2555 722 2637 inquisita
752 2555 783 2621 in
814 2556 968 2621 imbribus
994 2556 1131 2637 positam
1161 2556 1321 2622 statuisse.
1373 2557 1450 2634 Qui-

352 2699 353 2704 *
400 2685 472 2731 nam
495 2667 560 2731 sint
582 2667 629 2730 illi
653 2660 682 2731 ol
706 2659 740 2730 δ’
763 2662 915 2753 ὕστερον,
938 2673 974 2732 ut
995 2686 1153 2748 eruamus,
1176 2667 1449 2750 Agatharchidem

399 2796 633 2859 comparemus,
665 2764 731 2858 qui'
749 2779 922 2845 secundum
946 2779 1037 2844 Diod.
1060 2779 1148 2844 1.41
1182 2779 1222 2842 ab
1245 2780 1357 2844 eadem
1380 2798 1451 2844 sen-

398 2890 500 2955 tentia
522 2890 630 2954 stetit:
659 2883 790 2974 ἔγγιστα
812 2887 848 2954 δὲ
870 2889 909 2978 τῇ
932 2881 1072 2977 ἀληθείᾳ
1095 2884 1253 2976 ἐλήλυθεν
1271 2882 1447 2978 Ἀγαθαρ-

396 2995 489 3086 χίδης
519 2995 537 3064 ὁ
559 2996 708 3077 Κνίδιος.
751 3002 810 3066 Ille
833 3008 939 3067 autem
963 3020 1118 3083 nusquam
1142 3001 1306 3068 Strabonis
1338 3011 1450 3069 auctor

399 3118 485 3193 erat,
516 3112 565 3178 bis
596 3118 718 3178 tantum
750 3113 790 3177 ab
822 3131 858 3177 eo
887 3113 1022 3192 citatum
1052 3112 1136 3179 XIV.
1160 3114 1197 3193 2,
1222 3112 1262 3179 15
1284 3132 1315 3194 p.
1331 3115 1395 3180 658
1418 3115 1452 3181 C.

400 3223 483 3288 inter
515 3223 658 3289 homines
689 3224 827 3290 celebres
858 3223 958 3290 Cnido
988 3224 1154 3304 oriundos,
1188 3230 1221 3290 et
1249 3225 1333 3289 XVI.
1356 3227 1387 3306 4,
1410 3227 1452 3292 20

400 3355 430 3417 p.
443 3335 505 3400 779
517 3334 561 3415 0,,
577 3335 631 3400 ubi
644 3342 754 3400 narret
769 3336 1008 3402 Artemidorum
1025 3355 1096 3400 eum
1112 3342 1255 3401 secutum
1271 3355 1350 3402 esse.
1373 3337 1452 3403 Inde

400 3453 546 3528 apertum
569 3451 618 3512 est
641 3446 827 3512 Strabonem
850 3447 1100 3527 Agatharchidis
1123 3447 1237 3512 librum
1262 3467 1323 3512 non
1346 3449 1451 3530 ipsum

400 3558 584 3640 inspexisse,
606 3559 662 3622 sed
685 3577 757 3622 eum
779 3576 818 3622 ex
833 3558 1028 3624 Artemidori
1050 3559 1179 3640 seriptis
1195 3578 1294 3625 nosse.
1337 3559 1452 3643 Itaque

402 3687 517 3749 magna
540 3687 609 3733 cum
626 3669 730 3751 specie
752 3670 819 3736 veri
842 3670 978 3736 obtineri
992 3677 1108 3753 potest,
1132 3671 1318 3736 Strabonem
1341 3691 1367 3737 e.
1388 3671 1451 3753 1,5

401 3799 431 3861 p.
449 3780 510 3844 789
534 3780 567 3846 C.
601 3800 657 3862 per
690 3781 927 3848 Artemidorum
958 3782 1040 3848 hanc
1072 3782 1320 3864 Agatharchidis
1353 3783 1451 3864 expli-

402 3890 558 3956 cationem
591 3893 791 3975 comperisse.
851 3892 1022 3960 Praeterea
1053 3893 1150 3975 nihil,
1184 3898 1337 3975 quantum
1370 3913 1451 3959 nunc

402 4001 556 4086 videmus,
579 4004 782 4070 Artemidoro
796 4005 937 4070 tribuere
951 4023 1126 4087 possumus.
1172 4005 1242 4070 Non
1257 4004 1357 4087 igitur
1371 4003 1451 4071 facio
