3300 5018
796 411 1004 477 „36-

262 657 264 662 ,
382 587 448 646 tum
471 601 541 648 ease
557 580 683 663 debeat,
706 583 783 664 quid
805 590 855 648 est
876 585 993 665 aptius,
1017 603 1111 667 quam
1133 583 1340 650 recentiorem
1355 602 1428 649 nar-

380 695 536 758 rationem
557 694 710 759 insertam
732 711 803 759 esse
832 694 972 775 putare?
1016 695 1223 761 secernamus
1246 697 1345 778 igitur
1368 696 1385 775 ξ
1409 696 1427 759 7

380 824 411 884 p.
436 805 497 870 159
520 803 553 869 0.
577 805 675 871 verba
697 823 795 886 supra
817 807 984 887 exscripta.

465 916 639 984 Praeterea
670 917 861 983 monendum
885 917 1072 984 Strabonem
1102 919 1134 983 in
1165 918 1225 984 hac
1255 918 1317 998 §6
1344 936 1429 982 cem-

381 1029 529 1110 penenda
550 1047 612 1093 non
637 1033 766 1094 strenue
782 1029 927 1094 ordinem
951 1030 1066 1111 peripli
1089 1031 1193 1112 sequi3
1217 1029 1302 1111 quod
1323 1034 1360 1093 ut
1381 1027 1397 1092 f
1416 1063 1429 1074 ·

381 1145 484 1220 ceret,
511 1158 583 1205 eum
612 1147 802 1205 commotum
833 1160 904 1206 esse
926 1143 1134 1222 dispositione
1156 1141 1324 1207 stadiasmi
1346 1141 1429 1204 Zim-

380 1270 543 1316 mermann
565 1271 595 1333 p.
620 1251 682 1318 356
705 1253 801 1317 sumit
811 1239 826 1333 ;⁸
840 1272 903 1317 non
926 1254 1006 1318 satis
1027 1259 1111 1335 apte,
1135 1259 1171 1318 ut
1192 1252 1271 1317 mihi
1292 1252 1428 1331 videtur,

381 1382 450 1428 eum
473 1367 589 1427 natura
603 1361 666 1428 loci
688 1362 767 1429 haec
789 1383 846 1428 ora
868 1362 1060 1446 Carthagine
1081 1384 1164 1429 nova
1186 1369 1218 1430 et
1239 1364 1324 1429 Iberi
1346 1365 1428 1428 ostio

380 1472 451 1556 (cfr.
479 1472 587 1556 Polyb.
610 1474 757 1539 XXXIX.
781 1474 815 1556 6)
846 1476 1027 1556 dividatur,
1059 1494 1196 1558 cumque
1228 1495 1268 1540 ne
1301 1495 1340 1542 ex
1369 1475 1429 1541 hac

380 1587 507 1668 quidem
529 1586 653 1650 ratione
675 1586 755 1652 satis
778 1583 997 1668 intellegatur,
1021 1598 1077 1682 eur
1099 1585 1212 1652 Strabo
1235 1606 1322 1652 oram
1345 1589 1429 1654 inter

381 1696 550 1763 Sucronem
571 1702 604 1763 et
619 1696 842 1779 Carthaginem
865 1697 960 1762 sitam
977 1699 1087 1764 ordine
1103 1717 1254 1779 perverso
1269 1705 1427 1782 peragret.

379 1809 465 1898 Ergo
487 1808 756 1891 neglegentiorem
779 1809 966 1884 Strabonem
989 1806 1089 1875 luisse
1112 1814 1299 1876 statuamus.

463 1921 511 1986 De
535 1940 574 1986 ea
595 1939 691 2002 porro
713 1940 748 1987 re
770 1922 910 1986 dissideo
944 1921 1247 2002 aZimmermanno‚
1269 1923 1354 2005 quod
1381 1941 1428 2003 ea,

379 2051 460 2114 qnae
482 2032 523 2098 de
546 2031 687 2098 Sertorio
709 2040 895 2113 narrantur,
924 2052 943 2097 a
965 2032 1089 2115 periplo
1118 2033 1222 2098 aliena
1251 2052 1321 2099 esse
1344 2031 1428 2098 arbi-

380 2149 493 2209 tratur.
539 2143 631 2221 Quod
657 2163 730 2226 ege,
762 2145 816 2227 qui
837 2145 1042 2210 Posidonium
1064 2163 1256 2226 proponam,
1287 2149 1430 2209 statuere

379 2255 466 2321 nullo
487 2256 580 2320 modo
595 2274 700 2338 cogor,
723 2272 793 2321 cum
816 2261 955 2322 testetur
971 2254 1084 2321 Strabo
1105 2257 1161 2320 XI.
1180 2257 1207 2334 l,
1230 2257 1296 2336 dp.
1311 2255 1375 2320 492
1393 2255 1426 2321 O.

380 2386 449 2432 eum
477 2367 608 2446 Pompei
629 2364 724 2433 lacta
752 2367 980 2449 descripsisse:
1013 2362 1192 2451 προστίθει
1223 2363 1260 2429 δὲ
1290 2361 1426 2444 τούτοις,

380 2472 431 2542 ὅτι
452 2473 579 2563 celebr
602 2457 747 2563 irreptor
763 2475 946 2564 συνέγραψε
961 2474 1018 2564 τὴν
1041 2474 1117 2564 περὶ
1136 2470 1232 2542 αὐτόν
1253 2479 1310 2558 (sc.
1329 2481 1426 2562 Πομ-

380 2584 500 2676 πήισν).

464 2699 528 2765 Sed
559 2700 641 2782 alia,
679 2720 760 2784 quae
792 2703 1044 2766 Zimmermanno
1076 2700 1195 2766 nullam
1231 2701 1428 2782 praebebant

380 2812 601 2894 offensionem,
634 2814 829 2894 seiungenda
852 2818 943 2895 sunt,
966 2813 1084 2895 quippe
1106 2831 1187 2894 quae
1208 2831 1309 2894 neque
1333 2814 1427 2878 Arte-

379 2923 503 2988 midoro
520 2943 577 2990 nec
594 2922 766 2989 Posidonio
780 2929 856 2989 nota
873 2942 943 2990 esse
960 2925 1131 3006 potuerint.
1170 2924 1261 3002 Quod
1289 2925 1372 2990 enim
1395 2925 1428 2989 in

252 3027 255 3034 ’
379 3032 440 3099 fine
458 3034 651 3117 paragraphi
665 3036 820 3101 Dertossa
842 3036 965 3101 colonia
981 3037 1170 3111 nominatur,
1193 3055 1274 3117 quae
1289 3036 1426 3100 deducta

380 3153 431 3211 est
445 3147 591 3226 Augusto
606 3147 792 3228 imperante,
815 3147 881 3234 hoe
897 3146 936 3212 ab
952 3147 1104 3212 circuitus
1127 3153 1256 3211 auctore
1272 3147 1426 3226 originem

374 3247 441 3322 ¹non
464 3258 579 3329 duxit„
608 3261 655 3323 Ac
671 3259 887 3325 consideranti
908 3256 997 3340 mihi,
1019 3263 1125 3322 utrum
1140 3256 1200 3322 hoc
1222 3256 1324 3322 solum
1347 3278 1427 3319 κασ-

380 3363 466 3432 οικία
498 3385 662 3434 secernam·
695 3390 735 3434 an
777 3370 888 3450 plura,
923 3374 1160 3450 peropportune
1201 3368 1305 3449 cadit,
1342 3368 1428 3450 quod

380 3481 476 3545 ctiam
498 3481 530 3545 in
554 3480 603 3562 iia,
628 3499 708 3562 quae
730 3480 940 3563 antecedunt,
963 3500 1026 3545 non
1048 3479 1154 3544 omnia
1176 3482 1218 3544 ad
1240 3479 1355 3560 peripli
1377 3498 1428 3543 or-

379 3594 485 3657 dinem
515 3591 699 3672 procedunt.
745 3591 925 3657 Oleastrum
957 3592 1055 3670 enim,
1085 3592 1171 3674 quod
1200 3590 1315 3656 Strabo
1345 3591 1429 3655 inter

380 3702 554 3785 Saguntum
591 3709 623 3768 et
652 3703 837 3769 Dertossam
875 3709 1117 3782 commemorat,
1151 3703 1324 3768 seeundum
1355 3702 1427 3765 ltin.

381 3815 456 3879 Ant.
472 3813 534 3877 399
549 3815 632 3879 inter
648 3814 859 3880 Tarraconem
875 3820 908 3878 et
922 3815 1110 3880 Dertossam
1126 3815 1222 3904 situm
1238 3817 1297 3878 est.
1314 3844 1317 3850 ν
1340 3812 1428 3890 Quae

380 3928 461 3991 duae
478 3925 666 3991 offensiones
689 3944 758 3992 cum
780 3926 840 3992 hoc
863 3946 925 3990 uno
948 3926 1112 3992 enuntiato
1136 3925 1366 4005 contineantur,
1388 3944 1428 3989 ne

380 4037 539 4102 tantillum
562 4038 689 4120 quidem
711 4037 821 4102 dubito
843 4037 922 4103 haec
945 4038 1112 4102 recentiori
1135 4037 1258 4102 auctori
1280 4019 1429 4102 tribuere.
