3292 5006
616 512 828 578 „33-

198 683 299 765 primo
311 686 443 764 aspectu
458 681 672 764 intellegitur:
694 681 750 746 illo
765 702 784 747 a
801 681 957 750 Strabone
978 684 1047 766 ipso
1062 686 1249 767 composita,

198 795 276 859 hoec
306 793 530 859 Eratosthenis
563 799 620 858 est.
676 792 756 859 ldiro
787 794 887 875 igitur
919 814 1025 862 errore
1055 797 1157 861 Evers
1187 797 1207 861 l.
1229 797 1248 861 l.

198 925 227 987 p.
243 905 285 970 29
300 904 437 986 ducitur,
452 905 506 986 qui
522 913 702 987 propterea,
717 905 801 986 quod
814 907 911 972 verba
928 909 1117 993 Σεμβρῖται,
1142 901 1187 984 ὡς
1209 901 1249 971 ἂν

198 1012 355 1102 ἐπήλυδες
383 1022 416 1079 et
437 1015 522 1080 XVI.
545 1017 577 1095 4,
609 1017 682 1096 8p.
706 1017 770 1082 770
792 1017 825 1082 O.
849 1023 881 1081 et
903 1037 929 1084 c.
955 1020 971 1082 1
996 1019 1014 1101 §
1037 1019 1057 1084 2
1079 1039 1107 1100 p.
1128 1019 1189 1086 786
1214 1020 1247 1085 0.

199 1127 426 1221 inveniuntur,
449 1129 596 1207 quodque
618 1127 723 1208 priore
754 1127 822 1193 loco
846 1128 1068 1194 Artemidorus
1099 1129 1168 1195 fons
1190 1138 1249 1209 est,

198 1241 294 1307 etiam
326 1237 427 1303 XVII.
453 1241 531 1318 1,2
561 1257 591 1319 p.
616 1238 679 1302 786
702 1238 735 1304 O.
766 1259 837 1304 eum
869 1240 1048 1305 adhibitum
1079 1261 1148 1306 esse
1177 1247 1261 1308 coo-'

200 1353 308 1419 cludit.
353 1350 445 1429 Quod
475 1368 536 1413 non
559 1348 677 1415 factum
710 1368 779 1415 esse
802 1351 966 1417 Strabonis
997 1354 1093 1418 verba
1122 1355 1250 1418 domon-

199 1469 303 1528 strant
335 1462 354 1544 ξ
379 1463 395 1526 l
428 1459 480 1526 fin.
510 1481 540 1543 p.
557 1461 619 1526 785
643 1461 685 1526 C:
722 1453 893 1526 κάνταῦθα
930 1454 961 1525 δ’
995 1455 1251 1549 Ἐρατοσθένους

200 1566 390 1659 ἀποφάσεις
410 1559 632 1658 προεκθετέον
654 1579 687 1638 ct
710 1573 764 1655 §2
783 1565 839 1637 'fin
862 1593 892 1654 p.
910 1574 972 1640 786
996 1575 1034 1640 O:
1053 1567 1249 1662 Ἐρατοσθέ-

200 1707 254 1770 νης
275 1681 335 1770 μὲν
357 1675 412 1750 οὖν
436 1677 546 1760 οὕτως.
645 1707 648 1716 ’

283 1797 434 1874 Quaestio
456 1802 564 1860 autem
579 1793 777 1860 subdifficilis
800 1801 849 1862 est
864 1797 1042 1879 duorigine
1064 1797 1118 1879 §3
1141 1817 1170 1879 p.
1187 1797 1249 1863 786

202 1909 305 1974 -788
322 1908 355 1974 C.
371 1907 513 1972 Primum
530 1907 719 1971 monendum
737 1906 924 1973 Strabonem
940 1909 972 1972 in
983 1910 1128 1990 Aegypto
1139 1907 1247 1989 fuisse,

201 2021 309 2102 itaque
332 2017 425 2084 facile
454 2019 614 2098 permulta
636 2019 676 2083 de
699 2037 756 2084 suo
779 2019 917 2084 inserere
940 2021 1090 2101 potuisse.
1135 2020 1247 2114 Neque

201 2133 232 2196 in
255 2132 316 2197 buc
337 2131 541 2212 paragrapho
565 2139 685 2196 certum
708 2131 889 2213 quodquam
912 2131 1082 2212 vestigium
1113 2131 1248 2195 inveniri

200 2248 321 2324 potest,
359 2242 443 2324 quod
482 2242 675 2308 Artemidori
721 2242 838 2307 librum
885 2243 914 2306 in
965 2240 1157 2308 conficienda
1195 2244 1250 2307 de-

201 2355 370 2436 scriptione
385 2353 517 2418 multam
534 2353 562 2419 ei
579 2355 745 2419 materiem
761 2354 947 2435 praebuisse
963 2358 1108 2420 testetur.
1143 2353 1250 2418 Unum

200 2464 333 2531 fortasse
355 2465 510 2546 excipiam
533 2471 661 2531 auctore
683 2465 825 2547 Vogelio,
847 2466 920 2547 qui,
943 2484 1013 2531 cunr
1033 2465 1133 2530 XVII.
1159 2468 1186 2546 1,
1209 2465 1252 2529 24
1309 2459 1312 2465 ’

200 2597 230 2660 p.
247 2579 311 2644 804
339 2584 417 2643 extr.
448 2576 480 2642 C.
513 2577 685 2642 secundum
720 2577 959 2642 Artemidorum
994 2578 1102 2642 decem
1137 2577 1251 2642 Deltae

200 2691 282 2754 nomi
314 2696 547 2769 memorentur,
580 2689 758 2770 concludit,
793 2692 861 2754 cl
897 2690 1011 2771 §3p
1038 2688 1100 2754 786
1125 2688 1158 2753 (l.
1195 2689 1249 2752 ubi

201 2801 332 2884 triginta
363 2819 419 2865 sex
450 2819 613 2866 nemorum
636 2801 753 2866 mentio
784 2808 850 2880 est,
882 2818 1015 2885 quorum
1038 2802 1146 2866 decem
1170 2799 1250 2865 Tbe-

200 2913 320 2992 baldis,
349 2913 484 2978 totidem
514 2913 645 2994 Deltae,
677 2913 815 2978 sedecim
846 2919 952 2978 autern
984 2911 1121 2994 regionis
1152 2912 1250 2976 inter·

201 3025 325 3090 mediae
341 3029 426 3105 sunt,
449 3025 509 3090 hoc
524 3031 557 3089 et
572 3025 677 3104 ipsum
693 3043 731 3088 ex
746 3023 800 3089 illo
816 3025 970 3104 scriptore
987 3029 1150 3104 sumptum
1168 3040 1248 3089 esse.

201 3135 242 3200 Et
267 3141 354 3202 certe
383 3136 617 3202 concedendum
649 3142 713 3215 est,
744 3155 811 3200 rem
842 3135 983 3216 aliquam
1006 3132 1245 3215 probabilitatis

201 3249 338 3330 speciem
360 3248 527 3330 praebere,
559 3265 629 3313 cum
653 3247 846 3327 antiquitate
870 3265 929 3311 non
952 3265 1077 3328 semper
1099 3263 1249 3310 numerus

201 3378 362 3424 nemorum
391 3360 474 3424 idem
505 3358 601 3424 luisse
638 3378 676 3425 err
706 3357 808 3424 Plinio
839 3364 871 3424 et
899 3349 1081 3424 Ptolemaeo
1121 3362 1248 3438 pateat;

202 3471 234 3535 id
255 3477 361 3537 tamen
386 3471 480 3535 nolim
497 3489 556 3551 pro
579 3477 665 3535 certo
682 3468 852 3551 affirmare,
875 3489 945 3536 cum
961 3470 1020 3535 hoc
1043 3487 1139 3533 unum
1155 3486 1250 3548 argu·
1344 3522 1347 3530 .

201 3588 341 3649 mentum
374 3600 444 3648 mea
467 3582 595 3665 quidem
618 3583 777 3647 sententia
799 3582 840 3646 ad
864 3581 1030 3647 veritatem
1053 3579 1250 3662 probandam

201 3713 260 3760 ooo
283 3692 430 3761 sufficiat.

285 3807 456 3872 Maximam
479 3812 604 3888 partem
626 3804 788 3887 sequentis
810 3803 1005 3886 paragraphi
1026 3802 1141 3868 Strabo
1164 3802 1250 3868 nullo

203 3924 330 3985 auctore
352 3918 497 3993 adhibito
520 3918 735 3999 composuisse
757 3916 894 3997 videtur,
918 3934 988 3980 cum
1012 3914 1092 3980 nihil
1114 3912 1181 3980 fere
1204 3914 1251 3978 in-

204 4031 351 4112 vestigari
374 4030 486 4111 possit,
516 4031 600 4112 quod
624 4028 661 4110 is,
694 4029 748 4108 qui
771 4030 839 4109 ipse
861 4027 933 4092 illas
955 4028 1098 4107 regiones
1121 4027 1251 4105 viserat,

205 4160 349 4207 coemere
372 4160 431 4206 non
447 4142 597 4223 potuerit.
644 4141 791 4204 Fortasse
813 4146 930 4219 autem,
952 4138 1037 4220 quod
1061 4138 1100 4203 de
1119 4137 1252 4202 circuitu

1006 4248 1045 4304 6*
