3300 5018
659 480 872 545 ...21-

122 741 124 746 1
237 647 392 731 adhibiti,
422 649 482 716 hoo
511 649 579 716 loon
610 649 846 726 Artemidorus,
877 650 932 716 illo
961 658 1072 719 auctor
1102 651 1287 720 recentioris

237 761 365 828 aetatis.

323 873 466 939 Alterum
488 875 722 954 argumentum,
742 872 828 954 quod
850 870 1081 940 Zimmermann
1105 894 1135 957 p.
1158 876 1223 943 349
1245 876 1285 943 ab

236 984 294 1050 III.
317 985 347 1064 3,
369 985 390 1048 4
420 1003 451 1066 p.
476 982 537 1049 153
560 982 594 1048 Ο.
625 984 758 1066 petivit,
788 985 851 1048 iam
883 984 920 1050 R.
943 984 1072 1051 Hansen
1104 986 1123 1052 l.
1147 986 1168 1052 l.
1191 1005 1286 1069 quam

237 1096 318 1162 exile
350 1101 451 1177 esset,
479 1095 616 1164 monuit.
668 1095 748 1161 Inde
781 1095 881 1174 enim,
915 1095 999 1176 qnod
1032 1096 1286 1165 additamentum

229 1206 317 1272 'illud
340 1201 372 1272 oi
394 1204 431 1271 δὲ
447 1205 594 1272 Βελιῶνα
615 1205 752 1272 καλοῦσι
768 1205 1023 1273 Artemidorenm
1047 1215 1105 1289 est,
1128 1228 1189 1276 non
1213 1229 1286 1277 con·
1308 1252 1310 1258 ·

237 1317 397 1400 sequitur,
419 1323 456 1385 ut
479 1326 565 1384 totus
587 1317 728 1403 periplus
750 1318 892 1384 eiusdem
914 1317 973 1400 sit,
1003 1320 1059 1384 sed
1090 1323 1283 1388 contrarium

237 1431 482 1496 demonstratur.

320 1542 410 1607 Idem
440 1548 489 1608 est
519 1541 623 1608 exitus
651 1539 741 1608 tertii
770 1538 831 1606 loci
863 1559 883 1606 a
911 1540 1164 1610 Zimmermanno
1195 1546 1286 1613 allati

236 1671 261 1718 o.
283 1652 386 1718 lina
408 1673 438 1735 p.
463 1653 524 1721 152
547 1653 598 1735 0.,
636 1671 729 1736 qnam
762 1652 918 1734 quomodo
941 1652 1114 1736 explicent,
1146 1658 1308 1724 editores·

235 1765 319 1831 inter
341 1783 375 1831 so
397 1763 609 1846 dissentiunt,
631 1783 702 1830 cum
724 1768 864 1844 monteS,
895 1782 1031 1847 quorum
1053 1764 1143 1832 initio
1165 1770 1285 1836 mentio

234 1882 299 1958 est,
331 1877 364 1943 in
395 1878 452 1959 iis,
482 1893 564 1957 quae
586 1877 799 1958 praecedunt,
827 1874 953 1942 omnino
984 1895 1044 1942 non
1076 1879 1285 1946 nominentur.

234 1987 466 2055 Zimmermann
490 1993 577 2053 totus
600 1985 779 2052 adsentitur
805 1984 962 2053 Meinekio
984 2007 1043 2069 pro
1068 1987 1133 2053 τῶν
1155 1988 1285 2070 λεχθέν-

234 2121 298 2162 των
330 2091 413 2184 ὀρῶν
450 2099 601 2166 scribenti
630 2099 695 2164 τῶν
724 2094 906 2176 λεχθέντων
931 2097 1054 2185 μερῶν,
1085 2117 1148 2180 qua
1179 2107 1285 2169 textus

233 2210 335 2276 torma
352 2209 549 2292 significetur
564 2214 684 2290 gentes,
707 2225 790 2289 quae
805 2219 1039 2289 enumerantur,
1061 2212 1153 2278 sedes
1168 2211 1286 2280 habere

233 2321 321 2387 ultra
342 2322 501 2404 regionem
531 2322 574 2387 ad
596 2322 677 2403 Tagi
705 2319 821 2386 ostium
845 2321 949 2386 sitam.
994 2319 1055 2399 Qui
1084 2327 1192 2386 autem
1221 2323 1285 2388 diei

235 2438 340 2515 potest
353 2433 519 2514 Oretanos,
535 2432 741 2520 Carpetanos,
752 2431 915 2511 Vettones,
938 2431 1107 2510 Vaccaeos,
1123 2430 1283 2500 Gallaecos

234 2544 321 2611 ultra
343 2545 423 2627 Tagi
445 2546 561 2611 ostium
585 2543 754 2609 habitare?
798 2525 1018 2626 Requirimus,
1040 2542 1067 2607 si
1094 2541 1229 2624 legimus
1251 2540 1282 2610 oi

233 2654 271 2721 δὲ
291 2649 518 2743 ὕπερκείμενοι
538 2656 603 2720 τῶν
626 2649 809 2733 λεχθέντων
830 2652 937 2739 μερῶν
957 2654 1091 2736 populos
1113 2672 1149 2720 eo
1172 2655 1283 2722 ordine

232 2768 420 2858 enumerari,
443 2773 478 2833 ut
500 2767 625 2833 initium
648 2765 707 2832 fiat
728 2766 768 2832 ab
791 2765 840 2848 iis,
862 2765 917 2848 qui
931 2766 1073 2848 proxime
1095 2766 1282 2849 apartibus

231 2880 295 2948 illis
317 2881 444 2962 absunt,
467 2886 562 2963 atque
585 2879 659 2945 inde
681 2882 717 2944 ut
739 2881 894 2960 pergatur
916 2877 957 2941 ad
974 2876 1110 2944 maxime
1133 2883 1280 2944 remotos.

232 2993 282 3057 An
305 2999 413 3059 nostro
435 2991 503 3058 loco
525 2991 585 3058 hoe
606 2990 726 3057 iactum
750 3009 818 3057 esse
832 2989 977 3055 videmus
1000 2988 1209 3070 comprobata
1226 2989 1281 3056 illa

232 3103 381 3170 Meinekii
410 3103 613 3170 coniectura?
657 3101 791 3169 Servata
820 3105 927 3167 autem
957 3099 1100 3166 codicum
1123 3101 1281 3183 scriptura

232 3211 451 3296 intellegemus
473 3212 661 3281 Strabonem
692 3214 723 3280 in
745 3213 807 3280 hae
836 3212 1038 3296 paragrapho
1070 3216 1182 3294 gentes
1203 3231 1279 3278 enn-

232 3343 355 3391 merare
376 3325 579 3408 incipientem
602 3346 622 3390 a
641 3324 782 3406 meridie,
805 3326 889 3389 unde
912 3323 1013 3390 elucet
1036 3323 1118 3389 hanc
1140 3325 1280 3407 descrip-

231 3435 348 3501 tionem
379 3454 449 3502 oum
481 3435 617 3501 circuitu
647 3435 775 3502 litorum
799 3453 860 3506 non
884 3453 1033 3502 conexam
1065 3453 1143 3501 esse.
1188 3436 1279 3515 Quod

229 3546 375 3630 impedit,
406 3545 573 3628 quominus
604 3548 777 3631 quidquam
810 3552 977 3613 mutemus.
1030 3546 1164 3612 Deletur
1196 3547 1278 3613 enim

229 3659 415 3740 corrigendo
446 3657 614 3738 indicium,
645 3658 729 3740 quod
751 3657 886 3725 multum
916 3677 973 3724 nos
1003 3656 1201 3726 infantibus
1231 3659 1279 3724 in·

229 3768 386 3853 dagandis
408 3768 550 3836 adiuvat.
601 3770 772 3852 Perperam
803 3770 903 3851 igitur
932 3768 1009 3837 iecit
1037 3769 1279 3851 Zimmermann,

229 3882 313 3964 quod
344 3880 426 3948 hano
448 3881 684 3964 paragraphum
714 3881 817 3946 eidem
847 3881 971 3948 auctori
1001 3880 1131 3964 tribuit,
1163 3882 1215 3948 cui
1246 3887 1279 3948 et

229 4011 310 4075 quae
332 3993 525 4060 antecedunt
546 3997 676 4075 atquae
698 3996 874 4074 sequuntur
888 3992 996 4058 deberi
1011 3994 1142 4060 censuit.
1185 3993 1278 4059 Unde

229 4104 248 4192 ᾖ
270 4105 291 4170 2
311 4102 454 4186 fluxerit,
487 4109 524 4172 ut
545 4110 742 4185 statuamus,
775 4103 986 4193 incipiendum
1017 4111 1066 4177 est
1094 4105 1134 4170 ab
1158 4104 1278 4176 ultimis
