3300 5018
770 431 980 497 -10„

353 601 424 671 Huc
447 604 589 686 accedit,
620 604 704 686 quod
736 608 910 685 usurpatur
938 601 1041 668 forma
1064 600 1211 682 Artabri,
1241 619 1302 666 non
1328 598 1403 664 Aro-

353 717 467 781 trebeS.
512 715 618 781 Pauca
633 715 730 781 verba
754 710 784 780 ol
798 712 836 779 δὲ
858 715 912 777 νῦν
933 705 1225 798 coemptoque
1243 703 1403 796 Ἀροτρέ-

353 830 416 909 βας
438 825 607 906 καλοῦσιν,
640 845 708 892 cum
740 846 778 892 ea
809 825 994 892 recentioris
1024 825 1155 908 originis
1186 843 1255 890 esse
1284 829 1404 905 pateat,

353 940 393 1004 ad
417 940 552 1003 eundem
569 943 730 1003 auctorem
754 938 857 1002 redire
880 943 978 1019 atque
1000 954 1106 1002 omues
1124 935 1265 1000 eiusdem
1288 933 1404 999 indolis
1498 962 1501 967 ·

352 1056 462 1130 partes
484 1049 746 1115 verisimillimum
770 1055 828 1115 est.

438 1161 552 1228 Verbis
587 1158 645 1226 aul
683 1163 748 1224 τῶν
773 1153 967 1248 Ἀρτάβρων
997 1177 1068 1225 cum
1100 1157 1231 1223 finiatur
1261 1157 1404 1241 periplus

354 1291 429 1337 orae
452 1273 493 1338 ad
516 1291 659 1338 occasum
683 1272 861 1354 vergentis,
889 1289 1070 1352 percurram
1100 1288 1183 1335 nunc
1204 1269 1344 1353 reliquas
1366 1269 1403 1333 li·

354 1391 457 1450 torum
472 1389 590 1465 partes.
635 1386 681 1451 Ac
696 1383 858 1464 circuitur,
881 1383 934 1466 qui
957 1382 1070 1464 incipit
1091 1382 1148 1447 III.
1166 1383 1194 1461 1,
1216 1381 1237 1446 4
1252 1400 1281 1462 p.
1296 1382 1356 1446 137
1369 1381 1402 1447 O.

353 1495 459 1561 verbis
487 1486 726 1578 Ἀναλαβόντες
757 1492 794 1559 δὲ
828 1490 971 1578 λέγωμεν
1005 1490 1046 1557 τὰ
1070 1485 1146 1558 καθ’
1178 1487 1301 1556 ἕκαστα
1332 1484 1403 1557 ἀπὸ

352 1608 408 1673 rob
431 1599 630 1693 ἀκρωτηρίου
650 1598 841 1692 ἀρξάμενοι,
875 1606 1070 1686 digressione
1092 1603 1179 1670 facte
1201 1604 1404 1670 continuatur

353 1719 410 1783 ΙΙΙ.
436 1721 462 1800 1,
486 1717 506 1782 6
529 1739 560 1800 p.
578 1720 638 1785 139
662 1717 695 1784 C.
718 1716 774 1804 τῆς
800 1715 837 1781 δὲ
860 1716 1007 1796 συνεχοῦς
1029 1714 1076 1802 τῷ
1093 1709 1188 1803 Ἱερῷ
1213 1707 1401 1801 ἀκρωτηρίῳ

353 1825 527 1917 παραλίας.
581 1829 682 1907 Quam
713 1829 774 1913 §6
803 1828 856 1912 qui
886 1828 1084 1895 coniunctam
1115 1847 1187 1893 cum
1218 1845 1243 1891 c.
1269 1831 1296 1907 1,
1320 1827 1402 1892 7-9

352 1961 383 2023 p.
407 1943 485 2024 139,
510 1942 572 2009 140
594 1941 627 2008 G.
650 1947 683 2007 et
705 1961 731 2008 c.
754 1942 789 2021 3,
814 1943 897 2007 1-5
918 1961 949 2022 p.
974 1939 1142 2007 151-153
1165 1938 1199 2005 Ο.
1222 1939 1402 2005 considera-

353 2053 475 2135 verint,
498 2054 537 2119 iis
560 2033 729 2141 apparebit
750 2053 871 2132 statim,
893 2069 954 2133 quo
977 2051 1069 2117 modo
1093 2049 1208 2116 Strabo
1230 2055 1403 2130 auctorem,

353 2166 638 2248 quampraecipue
668 2171 795 2232 secutus
819 2170 882 2244 est,
913 2165 944 2229 in
976 2162 1036 2228 hoc
1059 2163 1153 2228 tertio
1174 2161 1256 2227 libro
1279 2180 1403 2244 compo·

352 2277 456 2341 nendo
485 2275 676 2343 adhibuerit.
720 2277 827 2357 Atque
857 2281 893 2340 ut
923 2276 1049 2353 statim,
1082 2292 1144 2357 quo
1174 2292 1245 2338 mea
1274 2273 1404 2339 inclinet

352 2389 528 2468 sententia,
560 2388 719 2468 aperiam,
750 2388 845 2468 plane
870 2387 1033 2452 adsentior
1055 2386 1317 2466 Zimmermauno,
1349 2384 1404 2465 qui

352 2500 371 2563 l.
403 2499 422 2564 l.
455 2519 486 2580 p.
509 2498 573 2564 334
595 2516 642 2580 sq.
676 2498 851 2563 luculenter
888 2495 1119 2562 demonstrauit
1150 2496 1338 2562 Strabonem
1371 2497 1403 2560 in

352 2610 413 2676 bac
443 2610 646 2692 paragrapho
676 2609 820 2692 neglecto
851 2606 950 2674 fontis
980 2608 1090 2673 ordine
1113 2606 1279 2690 explicare,
1310 2628 1402 2692 quem

351 2724 383 2787 in
407 2723 533 2787 modum
556 2723 702 2805 regiones
734 2721 817 2787 inter
840 2721 961 2802 Tagum
992 2725 1025 2785 et
1045 2719 1162 2784 fretum
1192 2721 1271 2786 sitas
1293 2721 1401 2802 depic-

353 2841 445 2899 turus
468 2833 519 2898 sit.
564 2834 654 2912 Quod
678 2832 843 2898 consilium
870 2850 941 2897 cum
971 2831 1003 2895 in
1026 2830 1238 2912 descriptione
1260 2832 1403 2914 sequenti

351 2945 503 3028 perficere
526 2963 587 3010 non
609 2950 726 3027 posset,
749 2943 868 3009 factum
892 2948 950 3025 est,
973 2949 1009 3007 ut
1031 2942 1159 3024 saepius
1181 2943 1313 3008 eandem
1336 2963 1402 3008 rem

352 3057 401 3124 bis
424 3063 690 3123 commemoraret.
735 3056 825 3123 Licet
854 3056 953 3139 igitur
983 3054 1138 3135 suspicari
1169 3061 1305 3135 utroque
1327 3053 1402 3121 'loco

352 3170 487 3236 eundem
518 3175 678 3234 auctorem
710 3171 896 3250 usurpatum
925 3184 1005 3245 esse,
1036 3183 1099 3246 qua
1129 3166 1170 3230 de
1202 3185 1237 3231 re
1259 3165 1402 3231 conferas

352 3282 638 3346 Zimmermannum
660 3301 691 3363 p.
714 3280 786 3346 334.
839 3279 992 3346 Videmus
1021 3277 1143 3356 111.3,
1179 3280 1195 3343 1
1230 3298 1259 3360 p.
1284 3278 1346 3343 152
1369 3277 1402 3344 G.

352 3393 474 3474 Tagum
496 3394 613 3458 iterum
642 3393 775 3458 tractari
805 3393 856 3456 ita'
873 3398 910 3456 ut
932 3391 1011 3456 haec
1034 3408 1072 3454 ex
1093 3390 1206 3456 eodem
1227 3387 1314 3455 fonte
1342 3389 1402 3454 flu-

351 3503 433 3568 xisse
445 3505 591 3570 debeant.
616 3502 1146 3584 Oumverolll.3,1excipiatlll.
1161 3502 1222 3582 1,9
1238 3521 1268 3583 p.
1283 3501 1346 3567 140
1357 3500 1403 3580 O,

352 3620 595 3682 consentaneum
618 3622 668 3681 est
684 3601 772 3681 'banc
787 3634 912 3698 quoque
933 3615 974 3679 ad
998 3615 1131 3679 eundem
1147 3613 1261 3678 redire.
1305 3613 1402 3678 Prae-

352 3735 440 3793 terea
469 3732 555 3793 totus
577 3727 728 3794 circuitus
760 3727 804 3806 (b.
820 3746 846 3791 a.
870 3744 895 3790 c.
920 3728 955 3804 1,
978 3725 1000 3790 4
1021 3725 1065 3790 in.
1095 3745 1125 3807 p.
1151 3725 1211 3789 137
1234 3722 1284 3804 0,
1316 3724 1401 3789 6-9

351 3838 564 3920 p.139,140
595 3839 646 3919 C.;
669 3857 695 3904 c.
717 3840 752 3921 3,
779 3840 860 3904 1-5
887 3858 918 3920 p.
944 3835 1174 3916 152‚1530.;
1206 3834 1401 3916 c.4,1-9

351 3971 382 4033 p.
406 3951 576 4016 156-160
598 3950 646 4032 Ο.)
678 3952 810 4016 eandem
842 3949 978 4015 indolem
1009 3946 1246 4031 praesefert,
1279 3964 1402 4028 semper
1458 4019 1459 4022 Ἴ

352 4062 478 4129 easdem
503 4080 552 4127 res
574 4063 714 4147 respicit,
737 4063 863 4129 easdem
887 4065 1120 4144 commemorat,
1142 4059 1314 4142 aestuaria,
1337 4060 1401 4126 sal-
