3300 5018
649 455 862 522 ..23-

235 627 338 693 altero
360 627 431 694 loco
453 627 596 708 tertium,
627 626 729 693 altero
751 629 925 694 secundum
948 627 1145 694 Artemidori
1166 628 1282 694 librum

234 738 354 805 laudat.
399 740 447 804 Ac
468 739 717 821 Zimmermann,
751 741 805 822 qui
828 739 952 806 Stiehlii
982 742 1198 807 coniecturam
1225 759 1283 822 pro

234 845 336 936 τρίτῳ
359 849 446 932 apud
469 849 578 931 Steph.
601 850 678 932 Byz.
702 870 776 917 11.
800 846 987 915 Κασταλώτ
1009 847 1188 936 ,,δειτέρῳ“
1210 869 1283 933 pro·

234 963 383 1044 ponentis
411 966 449 1027 ut
480 961 565 1028 iusto
588 962 789 1028 audaciorem
820 963 959 1045 respuit,
991 963 1210 1046 demonstrare
1233 979 1284 1026 co-

235 1078 331 1138 natur
347 1093 382 1139 re
405 1092 483 1138 vera
497 1073 621 1140 duobus
643 1073 723 1140 locis
739 1073 976 1141 Artemidorum
992 1073 1174 1141 Castulonis
1196 1093 1284 1140 men-

236 1184 354 1250 tionem
377 1183 501 1265 fecisse,
532 1189 565 1251 et
585 1185 618 1250 in
641 1187 742 1252 altero
763 1185 846 1252 libro
869 1186 1045 1267 internam,
1078 1185 1165 1252 etin
1187 1185 1284 1252 tertio

189 1278 192 1283 ’
235 1295 317 1361 libro
354 1300 496 1363 exteram
532 1316 619 1361 oram
653 1297 830 1380 Hispaniae
865 1297 1107 1380 depingentem:
1145 1296 1286 1362 dilucide

236 1406 320 1471 enim
348 1410 461 1488 patere
493 1427 532 1474 ex
554 1407 658 1474 Strab.
681 1409 740 1475 ΙΙΙ.
764 1410 802 1492 3,
824 1409 844 1474 2
866 1428 897 1491 p.
922 1407 984 1474 152
1007 1409 1039 1474 0.
1071 1389 1158 1474 eum
1174 1408 1285 1473 oceani

236 1519 333 1584 litora
364 1519 523 1600 legentem
553 1522 649 1586 etiam
683 1527 795 1604 gentes
825 1521 1078 1587 mediterraneas
1108 1539 1284 1586 enarrasse.

236 1631 329 1709 Quod
350 1650 410 1716 ego
432 1632 599 1714 quominus
621 1634 767 1715 credam,
798 1633 977 1715 impediunt
1000 1651 1055 1714 ea,
1086 1650 1168 1715 quae
1189 1632 1285 1714 paulo

235 1760 334 1826 supra
355 1740 396 1809 de
418 1743 478 1809 hac
499 1744 702 1827 paragrapho
725 1745 868 1827 exposui.

186 1881 188 1888 ·
320 1855 388 1919 Iam
420 1873 495 1921 vero
528 1874 599 1921 eum
629 1856 687 1938 111,
717 1875 799 1938 quae
829 1874 869 1922 ex
890 1853 1079 1936 fragmentis
1110 1855 1151 1920 de
1172 1854 1285 1920 ordine

236 1967 389 2032 circuitus
407 1966 623 2033 Artemidorei
644 1972 808 2049 comperta
829 1967 993 2049 habemus,
1014 1965 1192 2048 pugnantia
1214 1984 1287 2031 con-

235 2079 340 2144 tendit
355 2078 596 2157 Zimmermann,
619 2095 689 2143 cum
711 2083 818 2143 sumat
840 2079 873 2143 in
895 2078 990 2144 tertio
1011 2076 1093 2142 libro
1113 2076 1287 2158 Hispaniae

236 2188 333 2254 litora
365 2206 483 2254 oceano
515 2193 664 2254 conmcta
696 2190 859 2272 descripta
895 2208 975 2255 esse.
1019 2188 1170 2254 ·Uuicum
1203 2188 1287 2254 enim

236 2297 349 2382 fragm.
366 2300 406 2365 31
419 2300 461 2383 ¹),
484 2299 570 2383 quod
591 2304 720 2382 praeter
736 2300 930 2384 Stephanum
953 2302 995 2366 ad
1014 2299 1097 2365 hanc
1107 2299 1287 2382 opinionem

237 2409 458 2477 affirmandam
480 2411 623 2495 proferre
645 2416 769 2495 potest,
807 2431 858 2478 me
880 2412 1008 2494 quidem
1030 2411 1136 2477 iudice
1158 2411 1199 2476 ad
1221 2410 1287 2475 dis-

237 2523 437 2605 positionem,
459 2543 554 2607 quam
576 2523 705 2591 aliunde
736 2529 823 2591 certo
845 2525 1010 2604 novimus,
1045 2522 1287 2588 disturbandam

238 2635 506 2718 evertendamque
518 2655 580 2702 non
593 2633 719 2702 sufficit.
754 2635 866 2700 Nonne
879 2636 987 2718 potuit
1004 2632 1084 2716 fieri,
1101 2639 1138 2699 ut
1149 2632 1288 2727 Artemi-

238 2747 336 2812 dorus
366 2746 502 2812 Galliam
533 2748 708 2830 depingens
735 2748 843 2814 nescio
871 2765 934 2829 quo
962 2764 1038 2811 casu
1068 2745 1288 2812 Bthanorum

237 2858 430 2924 mentionem
444 2859 602 2925 iniceret?
640 2859 766 2926 Pariter
781 2859 987 2925 statuendum
1010 2860 1060 2922 est
1075 2859 1162 2939 apud
1177 2855 1289 2940 Steph.

238 2968 314 3051 Byz.
346 2989 370 3034 s.
393 2990 422 3034 v.
459 2964 644 3033 Κασταλών
677 2971 729 3037 vel
763 2969 889 3038 librarii
921 2970 970 3035 vel
1001 2967 1154 3051 Stephani
1186 2969 1290 3050 ipsius

239 3081 351 3145 vitium
373 3082 552 3165 irrepsisse.
600 3081 663 3148 Sed
678 3081 924 3148 Zimmermanni
946 3081 1072 3147 ratione
1086 3098 1139 3145 res
1161 3079 1290 3144 minime

240 3191 336 3272 plana
364 3190 410 3258 111.
461 3193 561 3258 Immo
592 3195 741 3259 Krameri
772 3192 979 3258 adnotatione
1009 3196 1097 3257 recte
1126 3187 1290 3256 intellecta

241 3303 447 3369 manifestum
477 3312 528 3372 est
556 3307 643 3388 apud
673 3304 776 3372 Strab.
800 3303 857 3369 111.
882 3303 917 3385 3,
948 3303 969 3368 2
1000 3323 1030 3386 p.
1065 3300 1126 3366 152
1148 3302 1180 3367 0.
1211 3301 1290 3367 nihil

241 3416 429 3480 mutandum
452 3436 531 3497 esse,
554 3417 641 3483 dicet
658 3417 741 3483 enim
764 3415 836 3482 ille:
861 3413 1050 3498 „Caeterum
1073 3415 1142 3479 iure
1164 3413 1291 3478 mireris

242 3527 430 3594 Strabonem
458 3528 499 3594 de
530 3529 684 3612 primaria
705 3528 878 3595 Oretaniae
907 3526 986 3592 urbe
1014 3526 1196 3608 loquentem
1228 3524 1291 3589 duo

240 3640 370 3707 nomina
391 3639 545 3721 subicere,
567 3645 664 3723 atque
687 3638 847 3724 suspicari
867 3639 943 3704 inde
963 3636 1069 3719 possis
1089 3636 1291 3702 scribendum

242 3765 313 3820 e'sse
335 3746 605 3836 κρατιστεύουσαί
626 3746 689 3816 εἶσι
714 3744 830 3826 πόλεις
852 3748 913 3833 (sic
929 3748 1153 3814 Artemidorus
1176 3741 1292 3822 πόλεις

330 4007 419 4074 1111.
444 4008 482 4064 31
507 4001 609 4081 Steph.
642 4003 714 4082 Byr.
746 4023 768 4060 s.
790 4021 818 4063 v.
853 3997 1023 4072 Brirruvoc',
1055 3995 1086 4056 ol
1113 3991 1200 4057 edroi
1231 3999 1292 4068 τοῖς

244 4091 436 4165 Λυσιτανοῖς,
460 4081 500 4162 ὥς
520 4081 734 4170 Ἀρτεμίδωρος
755 4084 786 4148 ἐν
808 4084 891 4172 τρίτῃ
913 4079 1199 4166 γεωγραφουμένων.
