3300 5018
759 409 950 474 ..4-

329 580 431 646 altero
444 579 513 646 loco
527 579 614 644 XIII.
632 579 660 660 1,
676 577 716 644 67
732 598 763 658 p.
779 577 843 643 615
859 577 897 644 C:
921 575 955 642 ἓν
970 575 1007 643 δὲ
1026 579 1073 664 τῷ
1095 575 1200 662 πέραν
1214 577 1270 643 τού
1285 571 1375 640 Καΐ-

330 714 396 772 κου,
420 686 546 756 δώδεκα
561 688 712 771 διέχουσα
735 693 792 756 τού
807 691 958 775 ποταμοῦ
981 685 1134 768 σταδίους
1147 683 1263 755 Ἐλαία
1277 684 1377 764 πόλις

328 799 475 891 Αίολικὴ
495 800 551 868 καί
574 795 653 888 αύτη
675 800 898 890 Περγαμηνῶν
927 798 1133 867 ἐπίνειον...
1157 801 1227 886 (68)
1250 791 1317 865 Εἶτ’
1344 797 1378 864 ἐν

327 910 444 981 ἑκατδν
477 910 624 1008 σταδίοις
653 907 670 977 i
701 908 814 1000 Κάνη,
844 911 882 977 τδ
916 906 1070 998 ἀνταῖρον
1100 905 1300 1001 ἀκρωτήριον
1329 913 1376 996 τῷ

329 1025 451 1113 Λεκτῷ
474 1023 531 1091 καὶ
553 1027 669 1092 ποιοῦν
689 1023 747 1091 τόν
764 1018 1028 1114 Ἀδραμυττηνδν
1049 1020 1189 1109 κόλπον,
1220 1012 1377 1109 οὗμέρσς
1435 1049 1441 1056 ·

327 1135 384 1203 καί
405 1132 424 1204 ό
442 1131 619 1215 Ἔλαϊτικός
640 1133 739 1203 ἐστιν.
1215 1121 1218 1126 ’

413 1251 524 1317 Altera
553 1257 660 1317 autem
692 1270 730 1316 ex
752 1256 846 1334 parte
866 1249 954 1314 XIII.
979 1251 1008 1332 1,
1029 1249 1069 1315 51
1094 1270 1123 1332 p.
1146 1249 1209 1314 606
1233 1249 1266 1315 C.
1297 1247 1376 1312 haec

327 1368 514 1429 narrantur:
536 1359 618 1446 μετά
641 1358 702 1450 γάρ
719 1359 762 1425 τό
779 1359 911 1428 Λεκτόν
933 1358 971 1425 τό
993 1355 1203 1448 Πολυμήδιόν
1219 1357 1289 1424 ἐστι
1309 1381 1375 1439 χω-

327 1469 398 1562 ρίον
430 1496 462 1537 τι
498 1470 532 1538 ἐν
564 1468 802 1558 τετταράκοντα
834 1468 991 1553 σταδίοις,
1024 1463 1080 1536 εἶτ’
1115 1468 1149 1536 ἐν
1180 1464 1376 1559 όγδοίμοντα

318 1578 460 1664 ὟἈσσυς,
487 1581 604 1670 μικρόν
632 1578 716 1672 ύπὲρ
745 1585 803 1672 τῆς
821 1579 1005 1668 θαλάσσης,
1035 1573 1091 1648 εἶτ’
1124 1579 1159 1648 ἐν
1181 1577 1298 1648 ἑκατόν
1319 1578 1376 1646 καὶ

325 1691 562 1780 τετταράκοντα
582 1702 612 1761 Γ
609 1691 742 1781 άργαρα.
776 1697 897 1761 Κεῖται
922 1693 958 1760 δὲ
973 1692 1013 1760 τδ
1030 1702 1060 1761 Γ
1056 1691 1183 1779 άρμαρα
1205 1686 1255 1759 ἐπ’
1274 1687 1376 1779 άκρας

224 1817 246 1836 ’·
326 1801 484 1893 ποιούσης
512 1806 569 1871 τόν
597 1803 689 1884 ἰδίως
714 1800 980 1893 Ἀδραμυττηνδν
1009 1802 1207 1891 καλούμενον
1238 1801 1375 1888 κόλπον,

325 1922 357 1983 et
378 1923 451 2001 post
473 1918 570 1985 verba
600 1938 698 2003 supra
719 1920 853 1986 laudata
884 1913 977 1995 ἰδίως
997 1917 1108 2003 μέντοι
1136 1913 1253 1984 τοῦτόν
1275 1937 1377 2004 φασιν

321 2021 595 2118 Ἀδραμυττηνόν,
616 2027 674 2096 τόν
695 2026 884 2115 κλειόμενον
905 2027 972 2096 ύπδ
994 2025 1111 2116 ταύτης
1132 2052 1167 2094 τε
1189 2027 1249 2117 τῆς
1264 2022 1374 2115 ύκρας,

244 2125 247 2133 ’
327 2134 377 2228 ἐφ’
401 2132 421 2228 ᾗ
443 2140 484 2207 τά
506 2148 536 2207 Γ
532 2137 667 2228 άργαρα,
689 2139 823 2230 καὶτῆς
845 2140 982 2228 Πορρύς
1004 2135 1107 2228 άκρας
1137 2164 1373 2228 προςαμορευο-

325 2249 438 2338 μόνης,
477 2245 526 2339 ἐφ’
557 2242 577 2340 ᾗ
606 2250 663 2318 καὶ
685 2246 902 2340 Ἀφροδίσιον
932 2253 1123 2342 ἵδρυται...
1155 2249 1219 2336 ἔξω
1250 2251 1286 2318 δὲ
1317 2252 1373 2317 τοῦ

324 2357 452 2429 κόλπου
473 2362 529 2428 καί
553 2367 610 2453 τῆς
631 2364 769 2453 Πυρρᾶς
787 2361 891 2452 άκρας
912 2359 980 2454 ἥτε
1003 2361 1159 2454 Κισθήνη
1181 2362 1252 2431 ἐστὶ
1276 2360 1375 2442 πόλις

325 2468 452 2561 ἔρημος,
475 2470 592 2556 ἔλουσα
614 2474 739 2561 λιμένα.
784 2478 906 2558 Quibus
928 2479 1034 2545 verbis
1058 2477 1269 2559 adiungenda,
1291 2495 1375 2560 quae

324 2591 435 2652 extant
463 2587 551 2653 XIII.
576 2591 605 2670 1,
628 2590 668 2656 68
691 2609 722 2672 p.
746 2587 809 2656 615
833 2589 873 2656 G:
902 2585 1013 2654 Κάναι
1042 2587 1079 2654 δὲ
1110 2585 1277 2669 πολίχνιον
1300 2596 1373 2655 Λο-

324 2696 410 2783 κρῶν
430 2702 502 2764 τῶν
525 2696 561 2764 ἐκ
585 2696 692 2766 Κύνου
719 2699 804 2766 κατὰ
837 2698 878 2766 τὰ
899 2695 985 2786 δι’κρα
1006 2703 1063 2790 τῆς
1088 2698 1224 2784 Λέσβου
1252 2698 1294 2765 τὰ
1316 2722 1370 2763 νο-

323 2805 467 2874 τιώτατα
488 2805 634 2895 κείμενον
654 2809 689 2876 ἒν
710 2811 750 2899 τῇ
766 2807 907 2899 Καναίᾳ·
930 2806 1010 2898 αύτη
1032 2809 1070 2877 δὲ
1091 2810 1186 2898 μέχρι
1207 2814 1272 2876 τῶν
1290 2804 1372 2897 ’Λρ-

323 2924 502 3002 γινσυσσών
532 2919 633 3010 διήκει
662 2920 718 2988 καὶ
748 2925 804 3012 τῆς
826 2919 1056 3010 ὑπερκειμένης
1084 2917 1196 3010 άκρας,
1227 2912 1374 3012 δηνΛῖγό

324 3055 408 3110 τινες
430 3026 646 3119 ὀνομάζουσιν
668 3029 846 3119 ὁμωνύμως
861 3038 910 3121 τῷ
926 3030 1000 3121 ζάηι
1013 3086 1021 3101 .
1034 3086 1042 3100 .
1055 3085 1084 3101 ..
1106 3031 1213 3120 κύκλῳ
1236 3034 1273 3100 δὲ
1295 3033 1373 3121 περὶ

324 3141 362 3208 τό
383 3138 460 3230 όρος
482 3143 568 3231 πρὸς
590 3141 682 3213 νότον
703 3144 765 3231 μὲν
786 3144 843 3211 καὶ
864 3143 955 3212 δόσιν
977 3140 997 3231 ἣ
1018 3142 1190 3228 θάλαττα,
1220 3145 1305 3234 πρός
1328 3142 1371 3210 ἕω

323 3270 360 3337 δὲ
377 3269 415 3338 τό
430 3270 561 3340 Καΐκου
577 3271 693 3340 πεδίον
707 3269 890 3357 ὑπόκειται,
906 3274 992 3361 πρός
1007 3270 1128 3361 άρκτον
1143 3273 1181 3341 δὲ
1195 3255 1371 3364 ηἘλαίτις·

323 3376 401 3449 αύτδ
431 3382 469 3450 δὲ
505 3381 581 3452 καθ’
612 3382 691 3452 αύτό
722 3381 841 3465 ἱκανῶς
872 3385 1102 3470 συνέσταλται,
1135 3383 1302 3473 προςνεύει
1335 3387 1373 3453 δὲ

323 3491 382 3560 ἐπὶ
410 3493 448 3561 τό
470 3493 618 3582 Αἰγαῖον
642 3496 801 3582 πέλαγος,
829 3492 909 3565 ὅθεν
932 3492 1019 3588 αύτῷ
1040 3496 1097 3564 καὶ
1125 3494 1275 3584 τούνομα.
1321 3502 1369 3566 Ex

322 3606 438 3689 quibus
468 3609 626 3692 colligitur
649 3611 752 3678 Canas
775 3612 855 3678 situs
884 3610 981 3678 fuisse
1012 3613 1095 3678 inter
1131 3612 1235 3678 sinum
1267 3612 1372 3678 Adra·

323 3723 501 3800 myttenum
534 3728 565 3788 et
596 3723 785 3804 Elaiticum,
816 3743 914 3806 prope
945 3726 987 3790 ud
1019 3724 1274 3806 promunturium
1306 3723 1371 3789 Mal

322 3829 407 3911 Tepe
429 3831 548 3897 Buruu.
591 3833 679 3900 Duos
700 3835 800 3916 igitur
822 3834 925 3902 fontes
947 3835 1098 3902 adhibuit
1120 3834 1252 3918 Strabo,
1285 3837 1370 3917 quod

321 3941 411 4007 XIII.
436 3946 464 4022 1,
486 3943 527 4010 51
550 3964 582 4027 p.
605 3947 668 4013 606
692 3946 725 4013 C.
748 3947 870 4013 verbis:
901 3943 1027 4032 λέγεται
1049 3944 1110 4033 γάρ
1132 3945 1189 4012 καί
1211 3951 1306 4012 πᾶσα
1337 3953 1370 4013 et

323 4047 414 4130 ἰδίως
436 4051 548 4142 μέντοι
570 4053 684 4122 τοῦτόν
706 4078 808 4146 φασιν
827 4050 1092 4148 Ἀδραμυττηνόν
1113 4059 1183 4142 ipse
1198 4057 1370 4142 significat.
