3292 5006
617 419 854 484 .—l'›l—

228 606 372 668 causam,
401 605 494 670 quam
519 589 684 656 Groslrurd
716 592 842 671 attulit,
864 591 1009 658 sulficere
1038 613 1119 677 nego
1141 597 1181 662 ad
1205 615 1276 677 pro·

228 702 350 767 bandas
374 702 453 765 duas
475 703 689 784 coniecturas,
713 723 793 786 quae
816 710 947 786 propter
969 707 1070 786 ipsam
1093 708 1276 774 violentiam

227 813 293 879 lere
315 813 398 878 omni
422 813 658 894 probabilitatis
679 816 784 896 specie
807 822 926 881 carent.

314 924 378 989 Sed
401 943 482 989 nunc
505 927 721 1006 quaerendum
744 927 821 991 mibi
844 934 911 1009 est,
934 930 1090 1010 quomodo
1113 930 1192 995 haec
1215 929 1276 994 dil-

227 1036 353 1102 ficultas
383 1036 523 1116 expediri
558 1037 670 1117 possit.
716 1038 805 1116 Quod
838 1039 924 1105 dicat
954 1038 1088 1105 fortasse
1118 1042 1275 1123 quispiam

228 1149 285 1214 tali
308 1149 431 1214 ratione
460 1145 528 1210 fieri
552 1165 661 1229 posse,
692 1156 728 1212 ut
750 1148 937 1214 Strabonem
967 1151 1068 1216 altero
1090 1151 1156 1216 loco
1180 1154 1276 1217 inter·

228 1259 311 1325 valla
340 1259 464 1324 sinuum
489 1259 610 1323 ratione
642 1259 770 1341 habita,
800 1259 901 1326 altero
930 1263 1047 1328 omissa
1076 1272 1275 1345 computasse

228 1389 399 1437 sumamus.
444 1374 490 1434 Ac
505 1370 607 1451 primo
630 1370 745 1436 obtutu
767 1371 909 1438 hoc'non
934 1374 1040 1456 inepte
1062 1376 1182 1442 dictum
1207 1395 1275 1440 esse

228 1484 372 1564 videtur,
402 1501 472 1548 cum
496 1482 525 1546 ei
549 1482 670 1547 numeri
693 1482 776 1546 inter
798 1502 832 1548 se
855 1484 1020 1567 differant,
1043 1487 1096 1568 qui
1120 1495 1274 1570 quantum

229 1597 347 1661 distent
378 1594 440 1658 dno
470 1593 538 1658 loca
570 1593 600 1658 in
623 1591 717 1657 litore
745 1593 873 1658 incurvo
895 1595 959 1660 sita
988 1598 1136 1678 prodant.
1181 1602 1275 1664 Atta-

229 1727 309 1785 men,
331 1705 499 1790 quominus
522 1705 550 1768 ei
573 1704 791 1770 adsentiamur
813 1705 937 1786 obstat,
968 1710 1050 1788 quod
1074 1709 1159 1774 XVI.
1182 1711 1211 1790 2,
1235 1711 1275 1776 33

227 1841 257 1902 p.
275 1819 338 1885 too
353 1818 386 1884 0.
409 1817 463 1880 ubi
486 1817 587 1881 minor
609 1835 758 1880 numerus
781 1816 867 1882 3650
888 1823 994 1900 extat,
1017 1820 1147 1886 disertis
1169 1821 1275 1891 verbis

228 1951 298 1996 eum
322 1927 405 1996 effici
427 1927 660 2008 pronuntiatur,
683 1929 804 2009 siquis
826 1929 913 1994 sinus
929 1929 1037 1996 intret.
1082 1932 1173 2008 Quod
1189 1933 1274 1998 nullo

228 2043 320 2107 modo
336 2040 495 2107 conciliari
519 2045 624 2119 potest
640 2057 708 2103 cum
732 2039 816 2104 XIV.
832 2039 862 2120 5,
878 2042 898 2106 3
921 2060 951 2122 p.
968 2031 1033 2108 670
1049 2041 1082 2120 0,
1106 2043 1157 2108 ubi
1175 2046 1274 2109 maior

228 2171 377 2219 numerus
407 2151 555 2216 traditur.
605 2149 717 2231 Itaque
748 2151 807 2214 nisi
839 2151 1026 2217 Strabonem
1057 2155 1136 2219 duas
1167 2174 1274 2219 numo-

227 2284 331 2331 rorum
355 2264 468 2343 serieS,
499 2279 631 2342 quarum
655 2262 756 2326 altera
779 2263 809 2326 in
833 2264 920 2327 sinus
943 2263 1141 2340 deflecteret,
1172 2266 1275 2331 altera

226 2387 313 2443 recto
336 2394 428 2440 cursu
451 2373 705 2455 progrederetur,
728 2373 811 2439 inter
833 2393 866 2438 sc
888 2374 1067 2442 confudisse
1089 2396 1127 2442 ac
1149 2384 1275 2460 pertur-

226 2490 318 2556 basse
340 2487 520 2564 statuimus,
543 2503 593 2550 res
616 2486 662 2550 ita
685 2485 834 2566 explicari
857 2505 915 2550 non
939 2494 1055 2568 potest.

311 2599 384 2663 Alia
406 2598 507 2678 igitur
535 2596 588 2661 nia
611 2596 747 2661 ineunda
770 2597 859 2662 nobis
890 2606 946 2663 est.
991 2602 1038 2667 Ac
1069 2601 1096 2666 si
1127 2610 1274 2669 accurate

227 2719 395 2792 utrumqne
426 2727 645 2790 comparamus
678 2709 778 2774 locum
811 2710 895 2774 XVI.
920 2712 949 2790 2,
972 2711 1014 2777 33
1045 2730 1075 2795 p.
1092 2713 1155 2777 760
1178 2713 1210 2778 0.
1241 2719 1274 2778 et

226 2823 307 2907 XIV.
330 2823 360 2902 5,
383 2822 403 2886 3
425 2841 456 2903 p.
472 2821 535 2886 670
558 2819 603 2901 G,
625 2821 769 2885 videmus
791 2821 855 2886 alia
878 2841 1002 2904 quoque
1025 2824 1055 2887 in
1081 2845 1115 2890 re
1138 2843 1191 2888 eos
1214 2844 1272 2890 non

225 2936 318 3018 plane
348 2934 431 2997 idern
461 2932 622 3014 praebere.
667 2931 747 2996 Nam
777 2933 861 2997 XIV.
883 2934 913 3014 ὁ,
937 2934 957 2998 3
979 2954 1009 3015 p.
1027 2933 1091 3006 670
1113 2937 1146 3002 C.
1177 2939 1274 3004 inter-

227 3047 358 3126 vallum,
381 3045 465 3126 quod
488 3044 623 3108 interest
646 3044 727 3107 inter
750 3043 953 3109 Celenderem
976 3051 1009 3110 et
1030 3053 1153 3128 portas:
1188 3049 1272 3114 XVI.

226 3159 254 3237 2,
270 3159 312 3222 33
336 3175 366 3238 p.
383 3154 493 3220 7600.
518 3155 612 3231 illud,
644 3157 726 3236 quod
751 3161 841 3236 patet
869 3157 953 3220 inter
975 3155 1118 3222 Melanos
1141 3165 1173 3224 et
1195 3159 1274 3225 fines

227 3268 371 3346 Ciliciae,
394 3274 569 3332 enarratur.
615 3265 697 3330 Puto
720 3267 818 3348 igitur
841 3267 903 3332 iarn
927 3269 1012 3349 apud
1037 3270 1273 3334 Artemidorum

226 3381 350 3446 duobus
371 3380 457 3458 locis,
480 3385 514 3442 et
536 3397 605 3442 cum
623 3377 766 3443 Ciliciam
789 3379 992 3461 describeret,
1017 3388 1049 3444 et
1072 3399 1141 3446 curn
1166 3381 1273 3464 Syriae

226 3492 460 3570 Phoenicesque
492 3508 578 3553 oram
609 3495 825 3570 percurreret,
857 3491 915 3555 has
947 3511 997 3556 res
1029 3493 1167 3573 scriptas
1196 3511 1273 3557 esse.

226 3602 306 3668 Nam
330 3601 471 3682 intellegi
494 3603 546 3666 vix
565 3607 679 3682 potest,
703 3603 860 3684 quomodo
883 3601 1003 3667 iactum
1026 3604 1076 3678 sit,
1101 3610 1138 3668 at
1160 3603 1274 3669 Strabo

226 3715 358 3778 eundern
382 3712 500 3794 locum,
531 3731 601 3778 curu
632 3712 680 3777 bis
709 3720 908 3796 excerperet,
938 3715 1001 3810 tali
1018 3715 1111 3780 modo
1134 3732 1273 3780 corrum-

227 3832 326 3906 peret.
615 3912 618 3919 ,

311 3937 420 4019 Neque
451 3936 497 4000 ita
528 3937 698 4002 absurdam
731 3956 799 4003 esse
833 3939 914 4003 hanc
937 3938 1114 4019 opinionem
1152 3945 1189 4003 ut
1220 3941 1274 4002 de-

228 4055 414 4130 monstrem,
444 4047 531 4112 locus
552 4049 682 4128 quidam
713 4049 787 4136 libri
810 4050 924 4115 decimi
951 4051 1078 4131 septimi
1104 4067 1153 4114 me
1176 4051 1274 4132 iuvat,

1031 4160 1070 4214 4*
