3300 5018
637 465 849 533 „31„.

219 636 432 722 fragmentum
455 636 557 722 (apud
580 639 775 721 Stephanum
790 641 867 724 Byz.
884 659 909 706 s,
925 661 954 707 v.
973 631 1139 726 Ἰβηρίαι);
1163 661 1268 729 γραμ-

219 752 340 838 ματικῇ
371 747 408 814 δὲ
433 747 573 836 χρῶνται
603 749 642 836 τῇ
672 752 736 815 τῶν
761 735 893 815 'lucido
921 747 953 817 oi
983 747 1075 837 παρὰ
1096 747 1268 817 θάλατταν

218 855 382 937 οἰκοῦντες
403 863 467 924 τῶν
478 853 617 948 Ἰβήρων,
641 881 703 944 quo
725 862 838 929 fulcire
853 865 964 930 studet
985 864 1176 946 opinionem,
1196 885 1269 932 cum

218 977 328 1038 nostro
351 973 421 1038 loco
443 972 582 1039 conferri
604 973 732 1040 omnino
753 993 816 1039 uon
838 975 927 1057 licet,
950 993 1024 1040 cum
1047 976 1270 1043 Artemidorus

219 1085 259 1150 de
289 1083 330 1149 iis
351 1083 503 1166 loquatur
525 1084 701 1167 Hispaniae
729 1084 893 1168 gentibus,
922 1105 1003 1168 quae
1025 1085 1123 1152 litora
1149 1091 1269 1171 tenent,

219 1194 335 1261 Strabo
369 1199 476 1262 autem
510 1197 551 1262 de
588 1196 718 1278 reliquis
753 1203 882 1278 praeter
918 1198 1118 1265 Turdetanos
1155 1199 1267 1266 Iberis

219 1305 298 1370 Cum
327 1306 427 1388 igitur
454 1326 517 1372 non
539 1306 730 1390 habeamuS,
762 1327 820 1374 cur
842 1309 1081 1374 Artemidorum
1103 1315 1268 1376 auctorem

218 1422 410 1499 statuamus,
433 1417 589 1500 suspicari
611 1419 686 1485 licet
716 1419 795 1486 haec
817 1439 941 1503 quoque
962 1421 1164 1504 Asclepiadis
1187 1441 1267 1488 esse.

303 1525 446 1612 Denique
480 1529 577 1594 verba
605 1527 740 1593 καλοῦσι
775 1522 808 1594 δ’
842 1522 911 1595 ἀπὸ
933 1529 994 1615 μὲν
1026 1535 1083 1596 τοῦ
1116 1530 1267 1616 ποταμοῦ

220 1637 377 1728 Βαιτικην
403 1645 437 1706 et
463 1636 533 1705 νυνὶ
562 1632 595 1703 d'
627 1636 661 1704 ἐν
690 1633 802 1718 αὐτοῖς
831 1634 939 1719 οὐδεὶς
968 1638 1119 1728 φαίνεται
1140 1641 1267 1729 διορισ-

216 1746 294 1833 μός,
325 1771 396 1818 oum
427 1756 548 1818 statum
571 1753 781 1820 recentiorem
810 1754 1008 1837 describant,
1040 1755 1162 1820 inserta
1192 1759 1268 1820 sunt

216 1864 362 1944 partibus
384 1883 423 1930 ex
446 1868 578 1931 auctore
601 1865 753 1946 primario
776 1866 898 1946 petitis.
1309 1873 1311 1878 '

301 1975 424 2045 Ultima
453 1975 552 2041 verba
582 1976 641 2057 §7
672 1994 702 2057 p.
727 1976 790 2041 140
813 1976 862 2057 G.,
892 1994 963 2042 cum
995 1977 1116 2044 diserte
1147 1996 1185 2042 ex
1214 1977 1268 2042 Ti-

215 2088 391 2154 mosthenis
411 2085 495 2152 libro
517 2086 700 2166 afferantur,
722 2105 785 2150 non
809 2107 828 2152 a
850 2086 1022 2153 Posidonio
1048 2089 1175 2154 condita
1197 2107 1268 2156 esse

215 2198 287 2265 luce
308 2197 427 2263 clarius
449 2202 517 2278 est;
550 2202 658 2262 utrum
681 2203 788 2264 autem
822 2217 860 2264 ea
891 2199 930 2264 ab
962 2199 1165 2267 Timosthene
1198 2200 1268 2283 ipso

218 2308 332 2375 Strabo
355 2309 498 2392 petierit,
521 2328 560 2374 an
580 2309 770 2375 Posidonius
792 2311 856 2375 iarn
878 2312 1045 2393 receperit,
1067 2311 1146 2377 haec
1169 2331 1267 2394 quae·

217 2421 279 2486 stio
295 2422 392 2504 digna
415 2425 473 2502 est,
495 2439 577 2504 quae
591 2421 772 2486 accuratius
793 2426 959 2488 tractetur.
1004 2423 1084 2490 Cum
1108 2423 1190 2488 enirn
1213 2443 1265 2488 ra-

217 2533 343 2600 rissime
359 2552 398 2599 ex
420 2532 507 2598 illius
530 2551 627 2614 opere
649 2532 771 2614 aliquid
792 2534 879 2616 apud
902 2533 1090 2600 Strabonem
1106 2534 1266 2616 laudetur,

216 2644 374 2726 suspicari
389 2645 465 2711 licet
487 2664 559 2711 eum
574 2646 614 2710 ab
636 2645 706 2725 ipso
724 2643 879 2710 Strabone
901 2664 964 2710 non
984 2646 1162 2711 adhibitum
1185 2664 1265 2728 esse,

215 2757 273 2821 sed
296 2756 335 2821 ab
357 2755 444 2822 illius
467 2756 660 2823 auctoribus.
706 2755 798 2833 Quod
826 2776 889 2821 uno
911 2757 981 2823 loco
1012 2777 1050 2824 ex
1072 2757 1140 2823 eius
1162 2758 1267 2824 vorbis

214 2869 331 2934 elucet:
363 2868 503 2950 1.2,21
528 2887 559 2951 p.
583 2867 625 2932 29
649 2865 689 2932 O:
720 2863 802 2952 φησί
830 2864 867 2932 δὲ
889 2862 1114 2946 Ποσειδώνιος
1144 2865 1266 2954 μηδένα

216 2971 321 3056 οὕτως
343 2975 612 3066 παραδεδωκέναι
641 2974 717 3055 τούς
744 2969 884 3060 ἀνέμους
912 2980 976 3042 τῶν
998 2975 1167 3066 γνωρίμων
1189 2976 1266 3063 περὶ

215 3088 327 3169 ταῦτα,
362 3079 434 3154 οἷον
452 3082 683 3174 Ἀριστοτέλη,
722 3086 918 3174 Τιμοσθένη.
964 3091 1056 3168 Quod
1087 3089 1266 3172 exemplum
1307 3124 1308 3128 ¹

215 3217 253 3264 eo
273 3201 389 3266 clarius
402 3206 435 3268 et
451 3204 493 3266 ad
505 3201 747 3283 disceptandam
763 3198 992 3283 quaestionem,
1008 3221 1089 3284 quae
1105 3202 1145 3266 de
1155 3207 1265 3267 nostro

215 3309 284 3376 loco
306 3317 379 3376 orta
400 3317 458 3389 est,
481 3312 637 3378 illustrius
660 3318 724 3392 est,
747 3312 898 3395 quodibi
920 3312 1117 3404 Straboper
1133 3312 1266 3379 Posido-

214 3423 302 3488 nium
314 3423 529 3490 Timosthenis
545 3425 735 3491 sententiam
748 3425 845 3490 novit.
880 3426 948 3490 Iam
963 3444 1039 3491 vero
1051 3425 1183 3508 reliquis
1199 3444 1266 3489 om·

212 3534 306 3600 nibus
324 3534 414 3618 locis,
436 3534 491 3601 ubi
513 3534 726 3601 Timosthenis
747 3535 847 3601 verba
868 3536 1051 3618 laudantur,
1074 3542 1140 3601 tam
1163 3555 1265 3618 pauca

212 3665 251 3711 ox
267 3647 304 3712 eo
320 3647 510 3728 deprompta
525 3665 596 3713 esse
610 3647 765 3728 videmus,
787 3651 824 3713 ut
842 3647 1016 3715 verisimile
1031 3649 1074 3714 sit
1090 3647 1177 3731 apud
1192 3666 1265 3714 auc·

212 3763 314 3823 torem
336 3777 429 3824 suum
444 3756 631 3824 Strabonem
654 3760 846 3826 mentionem
871 3760 940 3826 eius
961 3760 1129 3826 iuvenisse.
1175 3760 1266 3838 Quod

211 3873 250 3934 ut
270 3867 396 3936 facilius
418 3871 642 3952 intellegatur,
672 3872 783 3936 atatim
805 3890 964 3956 apponam
986 3871 1090 3937 locos:
1121 3872 1210 3937 XIII.
1234 3873 1264 3952 2,

157 3981 163 3990 ’
212 3978 286 4062 5p.
310 3980 373 4048 618
396 3981 429 4047 Ο.
462 3975 507 4058 ὡς
536 3979 575 4045 δὲ
601 3978 809 4068 Τιμοσθένης
842 3979 922 4068 φησὶ
944 3977 1184 4068 τετταράκοντα
1206 3983 1265 4064 (sc.

212 4086 331 4191 νησία).
373 4094 462 4173 Quae
477 4094 575 4161 verbo
589 4094 714 4160 inserta
728 4099 803 4161 sunt
816 4093 913 4160 Lesbi
927 4093 1147 4180 descriptioni,
1170 4113 1264 4179 quam
