3300 5018
633 427 847 491 ..33-

216 600 258 662 ad
280 590 505 684 ἆμφικλίστοι·
522 600 667 664 Romano
689 600 813 665 auctori
834 598 966 664 addicit.
1011 597 1113 675 Quam
1137 617 1265 664 causam

215 709 361 777 sufficere
382 731 482 794 nego;
504 713 545 776 de
566 731 602 777 re
624 717 729 776 tamen
752 711 926 790 consentio,
959 728 1032 774 cum
1061 711 1092 772 in
1123 718 1266 774 extrema

214 825 417 906 paragrapho
438 825 513 888 inde
529 825 568 888 ab
584 819 670 897 τινὲς
692 814 725 884 d'
748 814 819 884 rimi
840 818 901 904 μὲν
923 823 980 885 τοῦ
995 815 1097 904 Ἱεροῦ
1115 811 1264 904 ἀκρωτη-

215 930 286 1018 ρίοο
309 935 485 999 Romanum
508 943 670 999 auctorem
692 933 871 998 adhibitum
898 951 970 997 esse
991 933 1159 1010 mensuris,
1182 951 1264 1012 quae

215 1045 360 1125 milibus,
391 1066 454 1110 non
477 1046 590 1110 stadiis
618 1043 718 1126 fiunt,
752 1043 985 1125 comprobetur.
1028 1044 1199 1108 Praeterea
1232 1043 1263 1105 in

215 1156 275 1222 hac
305 1176 430 1238 quoque
461 1176 497 1221 re
524 1155 607 1221 facio
638 1175 709 1221 cum
732 1156 935 1236 Schwedero,
965 1155 1051 1236 quod
1082 1153 1135 1217 ille
1167 1154 1264 1216 verba

215 1262 314 1343 πόλις
343 1260 473 1354 ’ascopa
509 1270 551 1333 ad
584 1269 719 1349 Λοῦκεμ
756 1262 891 1347 δουβίαν
927 1286 965 1332 ex
998 1267 1140 1330 Romano
1177 1263 1264 1329 fonte

215 1377 332 1444 hausta
354 1398 425 1445 esse
448 1381 617 1460 contendit,
640 1398 710 1444 cum
733 1380 776 1442 ad
798 1397 912 1444 causas
934 1398 955 1442 a
976 1375 1163 1441 Schwedero
1185 1375 1264 1439 alla-

215 1495 265 1553 tas
280 1491 420 1573 accedat,
443 1493 526 1572 qnod
545 1497 789 1556 commemorato
811 1489 872 1554 hoc
894 1489 1012 1571 oppido
1035 1493 1127 1554 tenor
1149 1489 1262 1553 circui·

214 1605 266 1665 tus
296 1600 544 1685 interrumpitur.
603 1601 684 1666 Nam
714 1601 782 1667 sive
823 1602 976 1666 sumimus
1013 1600 1151 1665 Eboram
1191 1618 1262 1665 esse

214 1713 378 1778 castellum
400 1714 536 1778 Eboram
567 1713 673 1778 Melae
693 1714 765 1793 (ΠΙ.
789 1713 824 1793 4)
858 1715 926 1777 sive
952 1711 1093 1777 Eburum
1116 1730 1135 1775 a
1157 1711 1263 1776 Ptole-

213 1843 304 1890 maeo
326 1825 383 1890 III.
408 1827 439 1906 4,
459 1826 478 1888 9
502 1827 706 1905 nominatam,
730 1822 810 1890 falso
833 1824 905 1890 loco
928 1829 1146 1898 enumeratur,
1178 1822 1263 1904 qnod

211 1935 267 2000 illa
297 1937 381 2002 Mela
410 1943 493 2002 teste
521 1938 605 2001 inter
634 1935 740 2002 Gades
764 1942 797 2001 et
826 1935 960 2000 Hastam
990 1935 1054 1999 sita
1085 1940 1151 2014 est,
1181 1933 1262 1997 haec

212 2048 384 2112 secundum
420 2046 636 2112 Ptolemaeum
672 2049 907 2114 mediterranea
944 2046 1040 2127 paulo
1079 2045 1182 2126 magis
1220 2045 1262 2108 ad

213 2161 444 2239 septentriones
479 2167 630 2240 provecta
667 2167 732 2240 est,
776 2179 871 2241 quam
908 2156 1037 2236 Onoba,
1082 2173 1151 2220 cum
1192 2173 1261 2218 eam

213 2268 326 2334 Strabo
349 2288 436 2334 oram
459 2271 544 2335 inter
564 2273 688 2336 Baetim
717 2279 749 2338 et
771 2274 874 2336 Anam
897 2273 1061 2351 patentem
1083 2283 1260 2348 peragrans

214 2387 349 2446 enarret.
1006 2381 1013 2404 '

298 2493 439 2560 Transeo
468 2513 551 2560 nunc
581 2497 623 2560 ad
654 2514 679 2560 c.
702 2495 722 2559 3
750 2516 782 2576 p.
809 2495 867 2560 151
892 2512 937 2575 sq.
962 2493 994 2558 0.
1019 2498 1051 2556 et
1081 2490 1191 2559 statim
1222 2488 1261 2552 de

213 2604 231 2684 ξ
253 2605 274 2666 4
295 2623 326 2685 p.
344 2606 405 2670 153
427 2606 459 2672 0.
483 2607 603 2688 loquar,
626 2627 696 2672 cum
719 2607 889 2688 deprimis
911 2603 1026 2685 capitis
1048 2600 1261 2684 paragraphis

211 2716 274 2779 iarn
289 2723 384 2782 antea
404 2716 501 2781 verba
516 2717 653 2783 fecerim.
698 2718 801 2795 Quam
816 2714 1040 2797 descriptionis
1062 2719 1187 2794 partem
1209 2730 1259 2774 or-

211 2831 319 2891 natam
351 2847 421 2895 asse
452 2829 509 2910 iis,
540 2849 621 2910 quae
650 2829 705 2893 alii
728 2831 903 2910 scriptores
933 2823 1158 2903 exhibuerunt,
1189 2823 1261 2903 ipsa

214 2937 378 3004 Strabonis
400 2939 497 3004 verba
519 2940 675 3006 indicant:
709 2934 745 3002 ὅν
773 2959 859 3014 τινες
882 2931 1051 3019 Λιμαίαν,
1082 2928 1112 2998 οἱ
1136 2930 1173 2997 δὲ
1196 2935 1260 2996 Βε-

213 3047 312 3110 troico
333 3047 569 3129 anteriora...
592 3046 624 3115 oi
647 3047 683 3114 δὲ
706 3044 829 3114 Μίνιόν
852 3069 963 3134 φασιν.
1008 3045 1072 3112 Sed
1091 3050 1259 3126 praetcrea
1339 3043 1343 3050 ’

212 3159 363 3246 nonnulla
384 3162 573 3226 secernenda
597 3169 686 3243 sunt,
710 3181 791 3243 quae
813 3161 970 3242 originem
992 3156 1121 3222 aliunde
1144 3155 1259 3220 ducere

214 3268 327 3334 Strabo
356 3289 418 3334 non
448 3271 634 3353 profitetur,
668 3274 725 3338 sed
754 3274 855 3337 totius
887 3271 950 3337 loci
980 3288 1062 3334 nexu
1093 3265 1257 3332 evincitur.

214 3381 282 3458 Quo
305 3381 389 3445 enim
411 3382 504 3445 modo
534 3383 618 3447 idem
649 3391 761 3450 auctor
782 3382 937 3465 praebere
959 3385 1082 3463 potest:
1114 3377 1258 3458 (Βοῖος)

213 3487 299 3555 πολὺ
330 3487 485 3574 μέγιστος
517 3494 581 3554 τῶν
605 3489 638 3555 ἒν
661 3488 849 3580 Λυσιτανίᾳ
872 3491 1047 3574 ποταμῶν,
1079 3485 1137 3552 ἐπὶ
1159 3479 1256 3550 ὀκτα-

211 3597 343 3678 κοσίους
376 3600 431 3667 καὶ
455 3594 552 3679 αὐτὸς
586 3594 828 3689 ἀνοπλεόμενος
851 3599 1004 3678 σταδίους
1034 3606 1066 3667 et
1089 3595 1258 3685 (Δούριος)

210 3709 366 3799 μεγάλοις
404 3705 430 3776 r'
462 3706 707 3798 ἀναπλεόμενος
746 3711 906 3803 σκάφεσιν
945 3711 1005 3778 ἐπὶ
1046 3704 1257 3787 ὀκτακοσίους

211 3821 325 3905 σχεδόν
347 3849 379 3889 τι
401 3822 569 3902 οταδίοοςε
602 3846 672 3893 cum
695 3829 812 3894 Baenis
836 3828 899 3892 800
921 3833 980 3907 st,
1009 3825 1128 3890 Durius
1151 3831 1255 3890 autern
1327 3805 1331 3814 ¹

211 3939 253 4002 ad
274 3937 338 4003 800
360 3946 398 4003 st.
428 3938 619 4021 navigabilis
648 3940 707 4021 sit,
739 3941 896 4022 quomodo
926 3937 988 4003 dici
1011 3943 1135 4019 potest,
1167 3936 1255 4003 illurn

210 4049 303 4132 longe
327 4052 497 4116 maximum
519 4052 708 4117 Lusitaniae
730 4049 860 4117 fluvium
885 4050 979 4116 esse?
1022 4048 1137 4114 Verbis
1160 4049 1258 4132 igitur

1036 4158 1052 4216 3
