3300 5018
663 411 875 474 ...30-

330 577 398 640 Iam
421 578 639 658 quaestionem.
657 581 821 646 instituam
845 582 1012 663 decapite
1035 581 1151 662 altere,
1175 585 1291 663 quain

245 705 278 750 re
301 687 531 768 respiciendum
555 697 620 772 est,
652 692 735 773 qued
768 711 865 771 supra
887 693 933 774 (p.
959 695 1086 775 10,11)
1119 697 1291 760 secundum

244 798 531 864 Zimmerrna'nnum
555 802 684 882 exposui
707 804 747 866 de
770 803 910 882 ratione,
933 822 996 885 qua
1019 803 1134 870 Strabo
1158 806 1187 868 in
1211 806 1291 870 Tur-

243 909 371 974 detania
402 913 644 994 perstringenda
677 920 837 978 auctorem
880 915 1066 995 primarium
1098 916 1290 982 adhibuerit.

243 1021 322 1085 Inde
344 1020 489 1101 efficitur,
510 1034 548 1086 ut
570 1024 684 1102 omniu,
706 1026 841 1105 quaein
864 1025 965 1091 altere
981 1027 1087 1106 cupite
1110 1028 1149 1090 de
1171 1027 1290 1092 eisdem

242 1132 338 1198 rebus
360 1133 479 1198 eisdem
512 1133 577 1198 fere
605 1136 712 1200 verbis
736 1143 905 1223 narrantur
926 1145 1020 1218 atque
1050 1139 1081 1202 in
1106 1159 1131 1204 c.
1157 1142 1184 1218 1,
1207 1141 1291 1204 0-9

241 1261 272 1323 p.
290 1245 361 1324 139,
385 1245 447 1312 140
469 1245 513 1325 0.,
536 1246 637 1310 eidem
660 1248 783 1312 auctori
807 1247 975 1313 tribuenda
996 1249 1070 1314 sint.
1115 1249 1193 1315 Gurn
1209 1251 1290 1314 enim

242 1374 269 1420 c.
293 1357 328 1436 1,
352 1355 436 1420 7-9
467 1358 592 1438 plns,
616 1357 679 1422 140
701 1358 734 1422 C.
765 1359 807 1424 ad
836 1359 968 1424 eundem
1000 1359 1118 1425 fontem
1150 1361 1291 1438 redeant,

241 1467 338 1532 etiam
373 1467 431 1532 hae
454 1469 659 1534 conferendae
682 1477 773 1548 sunt,
804 1478 939 1551 suntque
961 1469 1112 1536 nonnulla
1134 1462 1290 1550 addenda,

240 1596 323 1661 quae
345 1579 574 1644 Zimmermann
599 1580 784 1645 antemisit
807 1588 872 1659 aut,
895 1583 969 1662 quia
992 1600 1017 1648 ο.
1037 1585 1065 1663 1,
1088 1583 1108 1647 6
1131 1603 1160 1665 p.
1179 1582 1289 1648 1390.

239 1695 365 1754 tanturn
396 1689 592 1769 conferebat,
623 1692 747 1756 omnine
778 1692 932 1785 neglexit:
963 1693 1084 1770 ο.1,6
1117 1714 1147 1776 p.
1172 1694 1231 1758 139
1255 1694 1288 1759 0.

239 1794 320 1886 αὕτη
351 1793 382 1865 δ’
407 1797 511 1882 ἐστίν,
543 1791 580 1888 ἢν
612 1805 731 1879 Βαῖτις
753 1801 880 1889 διαρρεῖ
910 1799 1078 1886 ποταμός,
1113 1814 1144 1869 et
1167 1824 1193 1870 σ.
1215 1807 1245 1886 2,
1270 1808 1286 1868 1

238 1933 272 1995 p.
297 1914 356 1977 141
382 1913 415 1979 C.
440 1910 509 2000 (τὴν
535 1909 805 1998 Τοορδητανίαν),
835 1905 872 2002 ἣν
895 1909 913 1979 δ
933 1917 1056 1992 ΙΒαῖτις
1078 1914 1205 2001 διαρρεῖ
1226 1939 1288 1980 rto·

237 2020 353 2108 ταμός.

283 2155 309 2201 c.
334 2138 361 2215 l,
384 2137 403 2200 8
425 2154 455 2217 p.
474 2138 535 2202 140
558 2137 590 2203 O.
620 2127 752 2223 ἀνδρείᾳ
821 2156 847 2201 c.
861 2137 891 2215 2,
916 2142 980 2218 lp.
998 2139 1055 2202 141
1075 2138 1107 2204 C.
1131 2137 1288 2201 reicietur

241 2247 279 2312 δὲ
301 2253 365 2312 τῶν
380 2244 591 2313 ἐνοικούντων
613 2251 652 2336 τῇ
675 2247 751 2330 περὶ
778 2246 797 2311 δ
803 2241 811 2265 '
831 2241 850 2334 η’
867 2272 901 2312 τε
922 2244 1078 2334 Κόρδυβα
1093 2241 1225 2334 ηὔξηται
1239 2299 1246 2312 .
1259 2296 1287 2313 ..

193 2439 195 2442 .
237 2357 299 2436 τὰς
310 2355 539 2436 ναυτιλίαςνιαί
555 2356 651 2447 φιλίη
666 2357 752 2446 πρὸς
778 2357 833 2424 καὶ
855 2356 874 2446 ἡ
894 2359 959 2424 τῶν
975 2359 1161 2424 Ιαδιτανῶν
1179 2355 1285 2438 πόλις,

230 2465 410 2554 Ῥωμαίους
442 2466 599 2552 τοσαύτην
633 2467 750 2536 ἐπίδο-
779 2467 879 2558 ἡμὲν
902 2470 956 2536 διδ
971 2468 1030 2547 τὰς
1053 2466 1219 2547 ναυτιλίας
1233 2469 1290 2534 καὶ

238 2602 293 2646 σιν
307 2577 355 2658 εἰς
369 2583 482 2646 πᾶσαν
493 2574 638 2661 εὐτυχίαν
649 2577 749 2662 ἔσχεν,
778 2581 833 2647 διδ
846 2580 884 2646 τὸ
894 2576 1289 2668 προσδέοθαιῬωμαίοις

238 2685 325 2758 ιῖίστε
355 2688 476 2779 καίντερ
510 2689 626 2779 ἐσχάτη
660 2689 749 2780 ίδρυ-
777 2692 860 2758 κατὰ
883 2689 1076 2777 συμμαχίας.

237 2801 319 2890 μένη
341 2806 398 2889 τῆς
419 2807 490 2890 γῆς,
525 2797 749 2886 ὀνομαστοτά-

235 2941 278 3001 τη
307 2915 371 2980 τῶν
401 2910 540 2980 ἁπασῶν
571 2913 660 2980 ἐστιν
692 2916 749 2998 (sc.

238 3023 380 3113 Γάδειρα
402 3022 421 3114 ἦ
443 3028 564 3112 νὶσος).

324 3139 496 3205 Praeterea
517 3146 550 3204 et
573 3158 598 3204 e.
623 3139 651 3219 1,
675 3139 694 3202 9
717 3157 747 3218 p.
772 3138 884 3205 1400.
907 3145 940 3203 et
970 3157 995 3202 c.
1018 3140 1048 3213 2,
1070 3139 1091 3204 5
1114 3157 1144 3218 p.
1170 3139 1230 3203 143
1253 3139 1287 3202 O.

238 3251 357 3316 mentio
394 3256 444 3316 est
476 3251 576 3315 Asine
606 3255 640 3313 et
673 3249 860 3330 Nabrissae‚
893 3267 974 3329 quae
1010 3249 1105 3314 urbes
1142 3250 1288 3314 adiacent

236 3362 406 3429 aestuario.

326 3474 403 3540 Cum
436 3475 535 3554 igitur
563 3472 732 3541 videamus
762 3490 787 3536 ο.
811 3473 841 3549 2,
865 3476 881 3536 1
907 3492 937 3552 p.
961 3473 1020 3538 141
1047 3470 1079 3535 0.
1102 3479 1134 3536 et
1156 3491 1190 3537 ο.
1213 3473 1242 3553 2,
1266 3473 1286 3538 5

238 3586 526 3670 statuuntque
557 3603 594 3649 ex
618 3589 710 3665 purte
732 3583 811 3648 bene
834 3584 996 3648 concinere
1019 3602 1087 3647 eum
1111 3583 1150 3648 iis
1172 3583 1287 3665 cupitis

238 3699 331 3780 primi
352 3696 508 3779 pertibus,
531 3715 611 3777 quae
626 3694 788 3760 Posidonii
807 3700 889 3770 sunt,
912 3695 974 3759 iam
999 3700 1091 3759 extra
1113 3694 1286 3760 dubitatio-

239 3829 309 3874 nem
324 3814 375 3889 est
396 3809 530 3874 alterius
545 3826 668 3888 queque
691 3807 806 3887 capitis
822 3806 1041 3888 paragraphes
1064 3807 1156 3870 modo
1176 3807 1286 3871 lauda-

239 3927 290 3986 tas
306 3921 445 3986 eiusdem
469 3919 608 3984 aucturis
624 3937 700 3984 esse.
745 3918 858 3983 Altera
880 3923 985 3981 autern
1009 3915 1153 3997 quaestio
1176 3917 1286 3997 oritur,

239 4051 313 4100 num
346 4033 384 4120 ἓξ
406 4030 506 4096 2-4
538 4028 678 4101 indidem
716 4027 921 4097 manaverint.
981 4029 1028 4095 Ac
1064 4037 1286 4114 percurrentes
