3292 5006
796 393 1009 459 -80-

381 563 468 647 regio
489 585 509 632 a
532 563 687 632 Strabone
708 583 734 631 c.
750 565 779 645 3,
804 565 846 630 23
868 584 899 646 p.
916 565 977 631 838
994 569 1072 630 extr.
1097 563 1279 631 nominatur
1300 562 1431 651 δενδρο-

381 670 500 763 φόρος,
533 697 552 744 a
575 676 677 743 Plinio
700 677 739 743 V.
761 677 803 743 33
821 676 1007 759 „arboribus
1028 676 1180 758 fertilis“;
1211 677 1314 743 altera
1336 670 1430 740 σπεί-

382 810 471 874 ρεται
493 782 610 872 μόνον,
634 787 798 870 „frugibus
822 793 945 854 tantum
968 781 1335 875 ίοοίὶ1ἰ3“,ῖειιίυὴνὸ
1358 781 1431 851 σίλ-

382 919 458 984 φιον
480 896 634 986 φέρουσα,
657 900 773 983 „lasari
795 900 909 965 modo“
932 917 974 965 sc,
996 898 1120 966 fertilis.

468 1011 530 1078 Sed
559 1011 670 1077 obviae
692 1017 766 1076 sunt
796 1017 845 1076 tot
873 1029 924 1077 res
953 1011 1046 1092 plane
1076 1009 1137 1077 sibi
1167 1011 1364 1090 contrariae,
1395 1016 1433 1076 ut

381 1125 468 1190 credi
483 1125 544 1190 ‘vix
557 1124 660 1206 possit
679 1125 815 1189 eundem
830 1124 1017 1205 scriptorem
1041 1122 1221 1189 adhibitum
1244 1140 1323 1189 esse.
1367 1121 1433 1187 Nu·

382 1236 461 1301 meri
482 1234 607 1300 omnino
623 1255 683 1301 non
705 1235 803 1302 iidem
821 1242 905 1315 sunt,
927 1235 1101 1300 secundum
1117 1233 1306 1300 Strabonem
1328 1234 1432 1315 prima

382 1371 416 1429 et
438 1363 541 1430 altera
555 1363 643 1443 regio
667 1363 730 1430 100
744 1369 783 1429 st.
805 1364 873 1430 lata
894 1370 954 1442 est,
976 1366 1148 1431 secuudum
1166 1362 1303 1429 Plinium
1321 1349 1431 1444 MVp.

381 1507 424 1530 =
448 1475 510 1542 120
526 1480 575 1556 st,
597 1475 695 1541 tertia
717 1476 889 1541 secundum
912 1474 1000 1541 illum
1024 1475 1109 1542 1000
1124 1479 1163 1540 st.
1185 1475 1288 1556 longa,
1312 1474 1377 1541 300
1391 1482 1429 1540 st.

385 1605 461 1684 lata,
483 1605 656 1670 secundum
678 1602 762 1669 hunc
784 1590 870 1670 0οΈ
886 1623 916 1686 p.
938 1634 982 1656 =
1003 1603 1088 1670 2000
1109 1609 1150 1669 st.
1173 1611 1206 1670 et
1228 1589 1316 1668 XXX
1338 1622 1368 1685 p.
1390 1634 1433 1656 =

383 1714 448 1780 240
469 1720 509 1780 st.
562 1715 631 1794 Quo
663 1715 786 1780 accedit
817 1716 1057 1798 gravissimum,
1086 1716 1170 1797 quod
1202 1713 1325 1781 Plinius
1354 1716 1432 1781 haec

382 1828 488 1892 omnia
516 1828 556 1891 de
586 1845 663 1909 agro
686 1826 864 1909 Cyrenaico
890 1827 1006 1906 tradit,
1030 1827 1146 1893 Strabo
1176 1832 1281 1893 autem
1317 1829 1357 1894 de
1386 1827 1433 1893 in·

383 1939 500 2006 teriore
532 1940 670 2020 quadam
702 1939 845 2019 regione,
879 1958 972 2022 quam
1007 1938 1159 2004 discernit
1191 1959 1211 2004 a
1243 1939 1432 2021 Cyrenaica:

383 2070 410 2118 c.
427 2053 457 2133 3,
479 2052 521 2116 22
543 2071 573 2133 p.
590 2052 652 2118 837
675 2050 713 2116 C:
729 2045 865 2138 Ὁμορεῖ
888 2048 924 2115 δὲ
946 2050 985 2137 τῇ
1007 2046 1176 2137 Κυρηναίη
1197 2045 1217 2138 ir
1237 2048 1276 2114 cd
1298 2045 1431 2136 σίλφιον

385 2159 531 2250 φέρουσα
550 2159 606 2226 καὶ
627 2160 685 2228 τὸν
706 2157 792 2228 ὀπὸν
813 2159 870 2227 τὸν
884 2163 1077 2249 Κυρυναῖον,
1101 2151 1137 2226 ὃν
1160 2157 1289 2249 ἐκφέρει
1310 2159 1348 2226 τὸ
1365 2157 1433 2226 ott

386 2295 463 2360 φιον
485 2266 639 2340 ὄπισθέν.
663 2281 695 2340 et
718 2293 743 2339 c.
767 2276 797 2355 3,
820 2276 861 2341 23
883 2275 924 2339 in.
947 2292 977 2355 p.
993 2274 1057 2339 838
1074 2272 1112 2339 0:
1140 2270 1204 2361 Τὴν
1226 2265 1258 2336 δ’
1283 2267 1433 2361 ὑπερκει-

384 2382 483 2470 μένην
512 2383 547 2450 έν
568 2381 669 2469 βάθει
690 2379 800 2472 χοίραν
830 2384 886 2472 τῆς
909 2380 1054 2472 Σύρτεως
1083 2382 1141 2450 καί
1169 2386 1226 2472 τῆς
1249 2381 1434 2472 Κυρηναίας

386 2493 576 2576 κατέχουσιν
598 2491 629 2561 οἱ
652 2492 796 2579 Λίβυες·
819 2505 853 2561 ot
881 2497 975 2578 paulo
998 2503 1087 2578 post:
1118 2491 1189 2560 έσιι
1221 2495 1258 2561 δὲ
1288 2492 1433 2574 ὁκόσος

385 2599 482 2684 οὗτος
498 2603 639 2696 ἐμφερὴς
653 2607 700 2695 τῷ
710 2601 877 2691 ’Ἀμμωνη
894 2602 1148 2694 φοινικοτρόφος
1164 2630 1198 2672 τε
1214 2603 1270 2672 καί
1284 2603 1433 2692 είίυδρος·

384 2713 573 2805 ὑπέρκειται
596 2716 633 2784 δὲ
648 2721 706 2806 τῆς
717 2713 903 2806 Κυρηναίοις
925 2717 1010 2804 πρὸς
1024 2714 1243 2805 μεσημβρίαν·
1265 2717 1360 2805 μέχρι
1374 2718 1435 2804 μέν

377 2825 530 2924 ,σταδίων
545 2824 660 2896 ἑκατὸν
674 2828 730 2895 καί
746 2825 965 2918 δενδροφόρος
985 2824 1109 2916 έστὶνὴ
1130 2832 1178 2918 γῆ.
1210 2827 1305 2918 μέχρι
1327 2823 1359 2894 δ’
1377 2825 1434 2896 dt-

384 2943 450 3007 λων
467 2937 583 3007 ἑκατὸν
600 2937 770 3028 σπείρεται
792 2938 903 3026 μόνον,
920 2935 978 3007 οὐκ
992 2935 1205 3029 ὀρυζουροφεῖ
1227 2933 1259 3032 d'
1283 2937 1303 3028 ἡ
1323 2944 1363 3030 γῆ
1378 2942 1435 3007 διὰ

385 3052 443 3121 τὸν
458 3047 590 3139 αὐχμόν.
620 3049 703 3138 ὑπὲρ
725 3048 897 3120 decoritate
918 3049 937 3140 ἡ
958 3050 996 3118 τὸ
1013 3048 1144 3140 σίλφιον
1167 3047 1313 3141 φέρουσοί
1335 3051 1434 3120 ἐστιν.

471 3167 538 3232 Iam
560 3185 634 3234 vero
657 3167 808 3249 explicari
830 3166 882 3232 vix
904 3172 1030 3247 posset,
1059 3166 1088 3232 si
1109 3186 1145 3232 re
1166 3185 1241 3232 uera
1264 3164 1379 3231 Strabo
1402 3171 1435 3232 et

386 3279 509 3345 Plinius
532 3281 640 3345 eodem
664 3286 792 3346 auctore
823 3279 872 3344 usi
895 3282 1009 3358 essent,
1040 3295 1097 3343 cur
1119 3277 1151 3342 in
1174 3278 1284 3343 eadem
1307 3278 1435 3360 regione

384 3409 447 3456 non
462 3393 588 3457 easdem
613 3396 723 3471 gentes
739 3394 977 3470 enumerarent3
1001 3390 1058 3454 sed
1072 3387 1195 3454 Plinius
1210 3389 1434 3470 Marmaridas,

385 3503 592 3583 Acrauceles,
622 3500 816 3568 Nasamones
847 3501 896 3567 vel
918 3499 1165 3584 Mesammones,
1195 3499 1311 3568 Strabo
1333 3500 1435 3566 Nasa-

386 3631 503 3692 mones,
525 3612 659 3695 Psyllos,
683 3611 844 3692 Gaetulos,
868 3612 1090 3697 Garamantes,
1112 3611 1330 3678 Marmarides

471 3723 611 3802 Quarum
642 3742 748 3790 rerum
776 3725 899 3790 ratione
930 3724 1043 3790 habita
1070 3722 1175 3789 iacere
1205 3742 1265 3790 non
1296 3742 1435 3807 possum,

386 3834 461 3919 quin
484 3836 524 3901 ab
539 3834 663 3917 Vogelii
686 3834 844 3901 sententia
867 3835 1036 3902 discedam.
1081 3834 1143 3912 Qui
1166 3840 1273 3902 autem
1288 3841 1436 3903 auctores

385 3945 512 4021 fuerint,
536 3963 645 4011 eruere
669 3964 728 4010 non
748 3963 890 4029 possum;
914 3947 1120 4030 nequeenim
1144 3948 1230 4028 apud
1246 3947 1434 4014 Strabonem

387 4074 488 4142 neque
509 4057 594 4140 apud
619 4056 754 4123 Plinium
780 4059 1023 4160 quidquam'est
1045 4059 1076 4124 in
1099 4059 1158 4127 hac
1180 4066 1273 4143 parte
1295 4060 1435 4143 descrip-
