3300 5018
638 426 849 489 -35-

221 597 445 678 Wachsmuth,
477 615 547 663 cum
570 596 630 662 hoc
652 616 776 680 quoque
805 575 882 662 fieri
902 599 1061 679 potuerit,
1091 604 1127 664 ut
1149 604 1270 678 auctor,

221 729 313 793 quem
338 708 452 775 Strabo
476 704 631 788 adhibuit,
653 707 732 774 haec
755 710 905 790 adderet,
928 729 989 774 non
1012 711 1210 775 neccessario
1233 730 1272 775 ea

221 821 414 886 secernenda
437 838 515 884 esse.

306 934 325 1014 ὅ
347 933 368 995 3
390 952 420 1013 p.
447 931 506 998 157
531 931 564 996 0.
586 931 666 997 nihil
689 951 726 997 ex
749 933 921 998 Posidonio
955 933 1104 998 haustum
1137 941 1187 999 est
1208 935 1271 999 nisi

221 1044 317 1110 verba
331 1063 431 1126 usque
447 1045 490 1108 ad
511 1036 555 1119 ὡς
570 1037 793 1119 Ποσειδώνιός
814 1067 848 1106 τε
864 1037 979 1129 εἴρηκε.
1009 1045 1097 1123 Quae
1113 1047 1271 1111 sententia

221 1155 272 1220 vel
294 1174 333 1219 eo
362 1153 516 1236 firmatur,
548 1155 632 1238 quod
662 1156 690 1220 is
713 1157 797 1220 inter
819 1162 974 1236 auctoreS,
1007 1157 1060 1240 qui
1083 1157 1170 1223 nulla
1192 1164 1271 1222 tenr-

221 1285 335 1347 porum
358 1267 483 1332 ratione
505 1273 704 1347 enarrantur,
727 1268 879 1347 primario
901 1267 970 1332 loco
993 1267 1151 1333 laudatur.

203 1446 205 1450 ,
309 1377 347 1460 ἓξ
369 1378 391 1440 4
413 1385 446 1442 et
467 1379 488 1442 5
510 1378 664 1458 neglectis
685 1379 859 1461 rideamne,
882 1378 958 1462 quid
980 1379 1020 1444 de
1042 1379 1061 1461 ἓ
1084 1380 1103 1443 6
1130 1387 1272 1445 statuen-

222 1491 298 1554 dum
327 1490 378 1554 sit.
423 1491 530 1572 Atque
559 1490 610 1556 hic
640 1508 762 1572 quoque
786 1491 1018 1555 Zimmermann
1048 1492 1165 1556 nimius
1195 1492 1273 1556 mihi

222 1601 358 1683 videtur,
381 1601 436 1684 qui
457 1602 670 1666 narrationem
695 1602 734 1666 de
756 1602 820 1668 situ
842 1609 876 1668 et
898 1601 1125 1668 munitionibus
1140 1603 1273 1668 Cartha·

222 1713 306 1794 ginis
328 1713 403 1777 inde
426 1713 465 1778 ab
488 1709 544 1776 καὶ
574 1710 635 1798 γὰρ
658 1708 847 1798 ἐρυμνότητι
869 1715 912 1778 ad
936 1710 1013 1799 περὶ
1035 1702 1079 1776 ὧν
1100 1708 1271 1800 εἰρήκαμεν

222 1825 394 1890 insiticiam
425 1843 495 1890 esse
516 1825 588 1889 ideo
612 1825 789 1905 existimat,
821 1827 906 1908 quod
936 1826 969 1890 in
991 1827 1173 1891 universum
1197 1845 1273 1891 con-

223 1936 311 2017 gruit
332 1955 403 2001 cum
424 1935 533 2018 Polyb.
549 1935 587 2000 Χ.
606 1935 653 2000 10.
699 1934 764 2001 Sed
793 1955 849 2001 cur
864 1917 932 2000 'non
956 1937 1172 2002 existimemus
1194 1936 1274 2002 haec

223 2046 323 2111 luisse
352 2047 385 2111 in
408 2047 542 2129 periplo,
575 2049 607 2112 in
631 2068 693 2130 quo
725 2047 765 2112 de
787 2047 837 2112 his
859 2047 953 2112 rebus
977 2046 1073 2112 verba
1095 2047 1180 2113 faeta
1203 2067 1274 2112 esse

224 2158 295 2224 luce
318 2159 434 2248 clarius
457 2159 522 2223 sit?
567 2158 628 2225 Sed
661 2158 724 2222 alia
752 2177 804 2224 res
826 2160 923 2241 digna
944 2164 1010 2240 est,
1041 2177 1123 2240 quae
1145 2157 1274 2224 uberius

226 2273 390 2334 tractetur.
436 2270 626 2351 campanea,
649 2288 786 2352 quaeso,
816 2288 896 2353 quae
926 2270 957 2334 in
991 2271 1050 2336 hac
1074 2270 1274 2352 paragrapho

226 2383 392 2447 dicuntur:
414 2375 624 2464 (Καρχηδών)
646 2375 801 2467 κρατίστη
824 2377 909 2445 πολὺ
931 2383 995 2444 τῶν
1016 2374 1117 2467 ταύτῃ
1147 2376 1275 2444 πόλεων

227 2511 297 2558 cum
315 2493 363 2574 §l
387 2513 418 2574 p.
434 2490 494 2557 159
507 2492 540 2558 C.
555 2492 604 2574 (T
600 2487 762 2576 αρροὶκων)
780 2489 1058 2578 κατεσκευασμένη
1075 2495 1147 2568 ταῖς
1161 2483 1276 2567 ἄλλοις

228 2598 355 2682 ἱκανῶς,
388 2601 445 2667 καὶ
466 2595 522 2682 οὐχ
545 2591 639 2690 ἧττον
661 2597 859 2690 aienciaci-oo
882 2601 948 2668 νυνὶ
971 2609 1028 2691 τῆς
1054 2600 1273 2690 Καρχηδόνος.

228 2713 312 2800 πρὸς
334 2711 395 2798 γὰρ
418 2713 478 2792 τὰς
499 2717 564 2778 τῶν
586 2710 748 2802 ἡγεμόνων
771 2711 950 2800 ἐπιδημίας
971 2708 1097 2802 εὐφυῶς
1119 2711 1196 2794 ἔχει,
1219 2712 1274 2779 καὶ

229 2821 317 2891 ἔστιν
349 2819 461 2911 ὥσπερ
493 2820 697 2912 μητρόπολις
732 2819 768 2889 αὖ
801 2829 857 2914 τῆς
891 2823 980 2902 ἐντὸς
1003 2821 1131 2912 Ἴβηρας
1164 2820 1274 2909 μόνον,

229 2931 312 3002 ἀλλὰ
334 2935 390 3002 καὶ
412 2941 468 3025 τῆς
483 2933 576 3014 ἐκτὸς
598 2941 654 3024 τῆς
669 2937 802 3024 πολλῆς.
846 2939 958 3004 Nonne
980 2939 1059 3004 haec
1082 2938 1176 3020 plane
1191 2939 1277 3002 inter

230 3071 264 3116 se
286 3050 456 3133 pugnanti
497 3048 560 3115 Sed
582 3069 621 3116 ea
642 3051 713 3131 ipsa
742 3069 777 3116 re
799 3048 850 3131 fit,
879 3057 931 3129 ut,
960 3056 1066 3114 utrum
1090 3049 1107 3129 S
1130 3049 1150 3112 6
1181 3048 1277 3112 verba

230 3183 270 3228 an
292 3162 344 3244 §7
369 3162 481 3226 addita
502 3161 577 3242 sint,
599 3161 775 3227 diiudicare
797 3162 964 3242 possimus.
1009 3159 1091 3224 Nam
1113 3178 1175 3243 quo
1198 3177 1276 3239 opu-

229 3275 345 3339 lentior
375 3278 408 3339 et
438 3272 593 3338 illustrior
614 3275 752 3354 Arrgusti
783 3272 979 3355 temporibus
1003 3272 1142 3337 Tarraco
1164 3271 1277 3335 redde-

229 3383 338 3464 batur,
371 3369 407 3449 eo
440 3385 542 3466 magis
579 3383 814 3449 diminuebatur
846 3382 1048 3466 Carthaginis
1080 3382 1223 3464 potentia
1238 3383 1276 3461 ¹).

104 3573 108 3580 Ι
230 3495 382 3560 Videmus
404 3495 519 3576 igitur,
550 3515 630 3578 quae
661 3496 721 3578 §6
745 3515 776 3577 p.
801 3495 862 3560 158
885 3495 918 3560 O.
941 3495 1106 3578 leguntur,
1136 3513 1173 3558 en
1196 3493 1278 3558 anti-

231 3607 340 3690 quiore
371 3605 461 3672 fonte
494 3627 531 3672 ea
553 3609 752 3688 demanasse,
785 3625 854 3672 cum
885 3607 945 3688 §l
976 3625 1006 3688 p.
1033 3605 1092 3671 159
1115 3606 1148 3671 O.
1171 3623 1279 3670 reeen-

232 3720 308 3784 tiori
327 3719 535 3801 adsignanda
566 3720 616 3784 sit.
662 3717 740 3783 Cum
768 3738 843 3783 vero
872 3719 1058 3783 alterutrum
1081 3716 1279 3782 additamen-

253 4055 281 4114 01
314 3972 349 4113 Ι1)
372 3971 515 4114 Ηὶηὸαετ,
539 3961 681 4030 ‘Tarraco
714 3969 771 4028 und
805 3965 1107 4036 sainallenlrmiiler'.
1152 3967 1280 4024 Hermae

231 4077 250 4120 v
285 4101 291 4114 .
332 4101 340 4130 ,
369 4061 435 4116 10.

1038 4159 1076 4218 3*
