3292 5006
621 457 872 527 '-97-

243 634 480 701 adversantur?
530 634 643 717 Itaque
676 634 782 700 malim
815 634 919 702 faeere
952 653 1023 701 eum
1055 637 1194 718 Bergero
1226 638 1246 704 1.
1269 639 1290 705 I.

241 767 272 828 p.
288 746 361 824 308,
384 747 438 828 qui
459 745 696 828 paragraphum
718 745 784 812 iere
806 753 906 812 totam
929 747 1003 812 inde
1025 748 1164 813 averbis
1186 746 1218 816 ot
1232 746 1292 833 μὲν

242 847 296 926 οὖν
317 854 403 942 πρὸς
417 851 477 932 τάς
498 849 650 943 ἠπείρους
672 855 728 945 τὴν
750 852 939 944 οἰκουμένην
954 852 1117 936 διελόντες
1138 859 1291 926 κάθησαι

241 969 447 1034 Eratostheni
471 969 592 1050 tribuit,
615 976 747 1051 excepta
770 973 862 1051 parte
891 965 974 1049 τάχα
1005 967 1041 1035 δὲ
1072 967 1205 1058 καὶτῆς
1228 963 1290 1034 Εὐ-

243 1075 353 1167 ρώπης
370 1074 513 1145 ἐλάττων
536 1074 624 1145 ἐστίν
646 1081 868 1163 adpetes:
892 1078 948 1146 καὶ
969 1078 1025 1146 τὸν
1047 1077 1291 1166 Καταβαθμόν.

243 1194 301 1260 Cui
320 1212 356 1258 ευ
378 1193 480 1274 magis
494 1192 643 1258 assentiri
659 1211 835 1274 possumus,
858 1194 942 1275 quod
958 1193 1146 1260 Strabonem
1166 1195 1292 1273 seimus,

242 1312 411 1386 antequam
442 1303 567 1386 singula
598 1312 722 1383 narret,
754 1304 880 1370 brevem
911 1305 1156 1387 descriptionem
1178 1306 1291 1372 Erato·

242 1418 336 1483 thena
368 1423 498 1481 auctore
520 1415 621 1480 solere
651 1415 865 1496 praemittere.
919 1415 1015 1481 Cuius
1050 1417 1096 1483 rei
1120 1415 1198 1482 haec
1229 1418 1292 1481 duo

241 1528 385 1609 exempla
407 1545 581 1609 apponam:
613 1527 697 1592 XVI.
720 1528 750 1608 4,
773 1528 794 1592 4
816 1547 847 1608 p.
865 1528 926 1594 769
950 1526 989 1593 O:
1018 1524 1142 1612 τὰμὲν
1165 1525 1205 1614 δὴ
1236 1531 1292 1592 τοῦ

238 1631 487 1725 Ἐρατοσθένους
504 1635 652 1725 περὶτῆς
670 1630 830 1723 Ἀραβίας
852 1640 995 1704 τοιαῦτα.
1027 1637 1234 1723 προσθετέον
1256 1637 1293 1702 δὲ

241 1748 298 1815 καὶ
319 1747 360 1814 τοὶ
376 1745 467 1834 παρὰ
490 1751 555 1813 τῶν
569 1743 685 1816 ἄλλων.
731 1750 829 1815 XVII.
848 1753 876 1832 1,
902 1752 917 1815 l
936 1771 966 1833 p.
984 1751 1046 1817 785
1061 1750 1103 1816 Οἱ
1121 1742 1292 1814 κάνταῦθα

242 1854 276 1926 d'
305 1854 556 1946 Ἐρατοσθένους
588 1856 776 1948 ἀποφάσεις
809 1858 1044 1948 προεκθετέον,
1077 1862 1177 1927 XVII.
1213 1862 1291 1942 1‚2

242 1993 270 2055 p.
296 1975 358 2040 786
382 1974 422 2040 0:
449 1965 680 2060 Ἐρατοσθένης
709 1970 770 2056 μὲν
799 1965 854 2037 οὖν
884 1966 996 2049 οὕτως.
1058 1973 1168 2038 Nonne
1200 1991 1292 2054 prae·

242 2085 317 2151 bent
348 2084 382 2151 hi
414 2084 474 2150 loci
503 2083 569 2150 fere
598 2084 731 2151 eandem
764 2085 920 2166 speciem,
956 2103 1051 2166 quam
1082 2084 1183 2149 XVII.
1206 2084 1241 2158 3,
1274 2087 1289 2145 1

242 2217 271 2278 p.
288 2198 350 2264 ουτ
373 2196 421 2262 or
927 2173 936 2193 ⁵

327 2308 406 2373 Tum
438 2306 497 2372 hoo
528 2307 760 2389 quaerendum,
790 2308 874 2373 unde
906 2307 1021 2373 Strabo
1051 2325 1104 2372 eos
1137 2311 1293 2385 numeros,

243 2437 322 2502 quos
344 2419 384 2484 de
399 2417 526 2484 Africae
548 2419 744 2501 longitudine
768 2426 800 2484 et
823 2419 995 2485 latitudine
1018 2419 1145 2484 eosdem
1171 2417 1294 2500 profert

241 2539 338 2613 atque
354 2529 592 2609 Eratosthenes,
616 2531 767 2610 hauserit,
791 2531 851 2595 nisi
873 2551 911 2597 ex
933 2529 1012 2595 illo?
1056 2531 1172 2594 Omnia
1195 2530 1294 2612 igitur·

241 2640 377 2707 feliciter
406 2642 571 2720 eveniunt,
603 2641 630 2706 si
662 2641 836 2724 Bergerum
867 2643 1036 2723 sequimur.
1096 2643 1204 2723 Atque
1236 2659 1293 2722 ego

242 2753 322 2819 hano
345 2771 469 2834 quoque
491 2758 632 2834 partem,
661 2772 755 2835 quarn
780 2753 900 2834 Berger
922 2753 1026 2819 nescio
1048 2770 1111 2835 qua
1135 2753 1174 2818 de
1197 2770 1294 2817 causa

242 2865 409 2942 discrevit,
438 2865 579 2930 eiusdem
602 2866 741 2930 auctoris
769 2883 837 2930 esse
860 2865 1058 2931 crediderim.
1103 2863 1201 2946 Vogel
1224 2883 1293 2927 earn

243 2995 281 3041 ex
304 2966 358 3041 On.
382 2974 496 3040 Pisone
528 2974 657 3041 fluxisse
687 2976 864 3057 contendit,
896 2978 952 3041 sed
987 2981 1024 3041 ut
1057 2974 1134 3039 mihi
1165 2974 1293 3056 quidem

243 3087 387 3166 videtur,
419 3106 478 3152 non
510 3097 561 3152 sat
591 3089 711 3153 idoneis
743 3105 819 3152 usus
849 3087 1054 3168 argumentis.
1109 3084 1293 3165 Comparari

243 3200 326 3263 enm
350 3198 437 3264 iubet
460 3199 564 3264 strae.
580 3198 620 3263 n.
641 3179 673 3280 5,
695 3199 738 3265 ss
759 3219 789 3281 p.
807 3201 868 3266 130
884 3198 925 3264 o:
949 3192 1020 3262 {aa
1042 3195 1079 3262 oe
1102 3201 1158 3276 (sc.
1181 3190 1196 3258 t
1223 3201 1292 3262 At-

242 3305 316 3395 βύη)
411 3306 537 3374 ἐοικυῖα
558 3307 727 3397 παρδαλῇ·
759 3304 975 3386 κατάστικτος
1005 3304 1066 3394 γάρ
1091 3305 1181 3392 ἐστιν
1203 3301 1293 3392 οἰκή-

244 3440 316 3485 σεσι
340 3418 584 3507 περιεχομέναις
607 3413 733 3506 ἀνύδρῳ
763 3419 820 3485 καὶ
852 3414 959 3508 ἐρήμῳ
992 3423 1040 3506 γῇ.
1084 3414 1237 3484 Καλουσί
1260 3439 1294 3482 τε

243 3530 301 3610 τὰς
323 3526 476 3609 τοιαύτας
498 3527 640 3619 οἰκήσεις
660 3525 813 3610 Αάοίσεις
835 3527 865 3598 οἳ
889 3526 1085 3616 Αἰγύπτιοι,
1107 3548 1178 3595 cum
1192 3529 1293 3594 XVII.

244 3645 274 3725 3,
299 3647 315 3709 1
340 3665 370 3727 p.
386 3644 450 3710 825
474 3643 515 3709 0:
545 3639 728 3720 κατοικίαις
759 3642 795 3709 δὲ
817 3637 1036 3719 κατάστικτός
1058 3637 1128 3707 ἐστι
1151 3642 1294 3725 μικραῖς.

244 3755 306 3821 Sed
329 3764 457 3837 praeter
481 3755 667 3822 uocabulum
690 3748 908 3832 κατάστικτος
940 3762 1073 3837 utroque
1103 3753 1172 3819 loco
1202 3772 1293 3818 usur·

244 3874 354 3949 patum
378 3866 457 3932 nihil
482 3867 657 3946 invenitur,
688 3869 771 3949 quod
803 3869 845 3933 ad
868 3866 1091 3933 stabiliendam
1116 3865 1201 3930 illam
1225 3885 1295 3930 seu-

245 3977 378 4071 tentiam
402 3977 548 4044 adhiberi
570 3979 679 4059 possit.

330 4091 397 4156 Iam
433 4108 504 4154 vero
538 4109 618 4172 quae
651 4089 766 4155 Strabo
799 4090 850 4155 hie
880 4090 919 4154 de
952 4089 1087 4170 singulis
1119 4086 1295 4158 intervallis

1072 4199 1088 4263 7
