3292 5006
763 393 975 458 ..90-

341 559 474 626 ciuntur.
528 562 639 644 ltaque
671 580 730 627 uou
760 561 868 641 video,
908 581 971 645 quo
1001 566 1083 626 teste
1111 562 1211 627 Evers
1243 561 1391 629 600011.

341 673 578 739 Artemidorum
601 672 782 740 exhibuisse
803 673 983 740 contendat

426 785 546 849 Eodem
569 785 677 863 modo,
700 788 783 868 quud
807 786 847 850 de
870 783 998 877 schoeni
1018 784 1217 867 longitudine
1239 785 1393 852 disseruit

341 894 450 975 Evers,
473 894 676 962 refutandum
693 901 751 978 est,
774 914 845 962 cum
862 895 1082 962 Artemidorus
1097 897 1270 962 secuudum
1286 897 1390 962 Strab.

340 1006 441 1071 XVII.
467 1010 500 1086 1,
522 1007 565 1072 24
593 1027 624 1089 p.
641 1008 705 1072 804
727 1007 760 1074 0.
791 1007 960 1074 schoenum
990 1007 1040 1073 rel
1071 1007 1115 1072 30
1136 1013 1176 1073 st
1205 1007 1255 1074 vel
1287 1008 1330 1072 60
1351 1013 1391 1072 st.

341 1115 391 1182 vel
415 1118 478 1183 120
492 1123 532 1184 st.
554 1119 682 1202 longum
706 1138 776 1186 esse
791 1119 996 1200 nuntiaverit,
1019 1138 1154 1202 cumque
1175 1119 1300 1185 etiamsi
1315 1118 1391 1185 Dio-

341 1229 437 1294 dorus
460 1249 623 1298 mensuras
645 1231 846 1297 Artemidoro
870 1231 996 1313 debeat,
1018 1231 1148 1297 minime
1170 1237 1391 1314 consequatur,

341 1346 377 1404 ut
399 1341 553 1407 schoenus
580 1342 752 1408 secundum
776 1342 907 1408 Diodori
939 1347 1076 1408 urentem
1106 1343 1190 1408 idem
1212 1343 1319 1408 valeat
1340 1348 1391 1408 at-

340 1470 402 1534 quc
425 1453 675 1520 Artemidoreus.
717 1454 829 1520 Nonne
851 1453 922 1520 lieri
943 1455 1058 1536 potuit,
1081 1461 1116 1519 ut
1131 1453 1298 1535 Diodorus,
1318 1472 1388 1518 oum

341 1582 504 1629 mensuras
540 1565 711 1647 reciperet,
754 1564 880 1632 omnino
917 1566 1114 1648 neglegeret,
1150 1572 1271 1647 quanta
1307 1571 1391 1631 esset

340 1674 466 1741 schoeni
496 1676 682 1757 longitudo?
725 1676 814 1754 Quae
842 1696 914 1744 cum
944 1678 991 1742 ita
1020 1677 1099 1757 sint,
1130 1677 1164 1742 id
1187 1694 1311 1758 quoque
1341 1677 1388 1742 iu-

340 1792 460 1852 ccrtum
483 1796 542 1868 est,
564 1788 650 1872 quod
671 1788 772 1854 Erers
793 1790 833 1854 de
855 1788 1010 1854 mensuris
1032 1808 1052 1853 a
1070 1788 1210 1854 Diodoro
1232 1789 1272 1853 de
1287 1788 1389 1854 Moeri

339 1897 411 1965 lacu
433 1899 529 1966 editis
549 1900 674 1966 locutus
695 1907 753 1966 est.

427 2011 464 2075 Iu
486 2011 535 2091 ile,
557 2031 638 2094 quae
653 2018 829 2093 sequuntur
850 2012 928 2078 nihil
943 2012 1072 2077 aliunde
1095 2013 1231 2094 petitum
1254 2012 1391 2092 videtur,

340 2123 445 2188 omnia
479 2124 594 2190 Strabo
626 2125 695 2207 ipse
729 2125 862 2191 viderat.
921 2125 1034 2206 Itaque
1067 2131 1193 2190 transeo
1227 2125 1270 2190 ad
1307 2125 1388 2206 §41

339 2254 370 2315 p.
385 2234 448 2300 813
471 2236 512 2300 iu.
535 2236 585 2316 0.,
618 2237 672 2303 ubi
696 2236 883 2302 Strabonem
913 2239 955 2301 ad
980 2236 1214 2302 Artemidorum
1237 2235 1389 2316 alludere,

340 2365 410 2410 cum
434 2347 521 2412 dicat
542 2345 693 2413 ἐντεῦθεν
715 2340 794 2435 ἀρχὴ
814 2351 879 2412 τῶν
901 2342 1056 2435 ἑξήκοντα
1078 2342 1220 2412 σταδίων
1242 2343 1388 2428 σχοίνων,

340 2451 402 2534 ἕως
424 2454 542 2545 Συήνης
562 2457 619 2524 καὶ
637 2451 860 2545 Ἐλεφαντίνης
881 2467 1014 2543 apparet
1035 2480 1075 2526 ex
1096 2465 1282 2541 comparata
1304 2461 1322 2542 ξ
1347 2461 1390 2524 14

340 2592 371 2654 p.
387 2571 451 2637 804
473 2571 516 2652 0.,
539 2572 593 2637 ubi
615 2572 656 2637 de
683 2572 811 2638 diversa
839 2590 896 2638 nec
918 2572 980 2638 sibi
1001 2572 1162 2657 constanti
1182 2571 1387 2638 schoeuorum

340 2701 488 2749 mensura
509 2684 687 2765 exponitur.

425 2793 502 2876 §45
524 2816 554 2878 p.
570 2795 633 2862 815
650 2795 683 2861 (1.
706 2801 816 2860 narrat
837 2795 952 2862 Strabo
974 2796 1060 2878 apud
1076 2795 1213 2878 Goptum
1237 2795 1390 2862 isthmum

339 2906 493 2988 incipere,
523 2908 579 2990 qui
610 2907 694 2973 iuter
715 2907 822 2973 Nilum
855 2913 889 2973 et
911 2927 997 2974 mare
1019 2907 1192 2974 Arabicum
1215 2908 1266 2973 sit.
1310 2906 1389 2972 Cum

339 3037 413 3084 vero
435 3019 524 3084 dicat
544 3019 577 3084 iu
592 3038 629 3085 eo
651 3019 761 3086 isthmi
783 3020 892 3096 latere,
915 3021 999 3101 quod
1022 3022 1063 3085 ad
1086 3019 1166 3084 illud
1181 3038 1269 3084 mare
1289 3022 1390 3100 patet,

339 3130 522 3198 Berenicem
545 3131 656 3196 urbem
677 3131 773 3196 sitam
795 3149 883 3211 esse,
913 3133 1072 3213 sequitur,
1104 3137 1141 3196 ut
1162 3130 1245 3210 illae,
1268 3130 1389 3212 Goptus

338 3248 372 3309 et
393 3242 561 3322 Berenice,
590 3243 764 3310 seeundum
788 3243 953 3310 Strabonis
975 3250 1112 3309 mentem
1134 3242 1244 3308 eodem
1269 3241 1390 3307 distare

338 3353 506 3418 intervallo
521 3355 561 3421 ab
584 3360 766 3438 aequatore.
803 3354 914 3436 Pergit
929 3360 1015 3419 tum:
1039 3347 1097 3420 οὐκ
1118 3346 1260 3418 ἄπωθεν
1281 3349 1319 3417 δὲ
1332 3355 1390 3439 τῆς

340 3462 516 3552 Βερενίκης
532 3464 605 3532 ἐστὶ
620 3464 718 3544 Μυός
733 3462 843 3552 ὅρμος,
860 3515 868 3531 .
885 3515 893 3530 .
909 3517 917 3530 .
939 3463 994 3530 καὶ
1016 3465 1074 3554 τῆς
1089 3468 1230 3532 Κοπτοῦ
1252 3457 1289 3531 στ’·
1302 3462 1388 3528 noir)

338 3570 521 3664 ἀφέστηκεν
543 3573 563 3665 ἡ
582 3575 762 3664 καλουμένη
780 3570 995 3655 ’Λπόλλωνος
1017 3574 1135 3657 πόλις,
1169 3571 1253 3642 ὥστε
1276 3573 1331 3641 καί
1353 3571 1388 3641 αἱ

338 3684 542 3772 διορίζουσαν
575 3688 634 3753 τὸν
662 3685 788 3774 ἰσθμὸν
819 3683 877 3754 δύο
915 3685 1031 3766 πόλεις
1060 3683 1266 3773 ἑκατέρωθέν
1296 3684 1388 3754 εἶσιν.

338 3803 441 3880 Quam
470 3802 713 3883 descriptionem
745 3821 765 3865 a
793 3820 868 3866 vero
898 3801 992 3882 louge
1021 3801 1189 3881 aberrare,
1221 3801 1389 3866 Groslrurd

338 3912 369 3976 iu
392 3915 609 3993 annotatione,
641 3932 736 3995 quam
759 3914 799 3977 ad
822 3913 906 3978 hunc
927 3914 1030 3979 locum
1053 3913 1247 3996 composuit,
1277 3913 1389 3977 rectis·

338 4024 417 4092 sime
438 4024 672 4092 animadvertit.
718 4024 847 4113 Optime
868 4030 975 4092 autem
1006 4026 1144 4112 quadrat
1165 4026 1207 4090 ad
1229 4025 1271 4105 id,
1304 4024 1390 4109 quod

409 4650 649 4970 Τ
657 4494 1104 4976 τεο
