3292 5006
626 425 839 493 ...71-

209 598 357 672 mentum,
380 591 464 675 quod
487 595 592 662 adhuc
615 602 724 662 notum
747 604 812 677 est,
836 604 941 664 tamen
965 599 1043 664 nihil
1067 598 1258 682 proficimus,

208 705 234 768 si
256 724 294 769 ex
316 723 368 784 eo,
399 705 475 789 qnid
498 709 695 775 Artemidori
717 710 880 792 proprium
912 711 972 792 sit,
1005 718 1147 776 statuere
1170 713 1258 778 voln-
1309 724 1313 732 '

208 833 287 881 mus.
331 816 467 900 Liquido
490 819 572 884 enirn
595 825 688 903 patet
709 839 747 886 ex
769 821 826 901 iis,
849 840 930 904 quae
952 823 1162 904 antecedunt,
1185 841 1258 887 eum

209 927 286 994 haec
305 925 371 994 fera
394 929 434 994 de
457 930 553 996 verbo
576 931 616 994 ab
640 931 878 1013 Agatharchide
900 933 1120 1014 descripsisse,
1144 933 1190 997 ita
1212 940 1258 1013 ut,

208 1038 234 1102 si
267 1039 416 1106 nonnulla
450 1041 678 1121 invenerimus,
713 1061 795 1125 quae
827 1043 932 1109 aliena
964 1044 1029 1109 sint
1060 1043 1100 1109 ab
1134 1044 1257 1127 vulgari

208 1150 331 1215 ratione
346 1152 482 1234 dicendi,
505 1171 543 1219 ea
559 1154 800 1236 Agatharchidi,
823 1174 883 1220 non
899 1155 1101 1221 Artemidoro
1117 1156 1257 1222 tribuere

209 1260 389 1328 debeamus.
434 1264 550 1346 Itaque
564 1283 636 1331 cum
651 1272 894 1332 consentaneum
912 1267 955 1331 sit
969 1268 1013 1332 ad
1027 1267 1256 1349 expediendam

207 1377 346 1438 nostram
370 1393 436 1440 rem
466 1375 543 1440 nihil
568 1375 668 1442 bonae
698 1376 798 1458 frugis
826 1396 864 1443 ex
893 1378 951 1443 teli
979 1377 1164 1459 quaestione
1185 1396 1255 1460 per-

206 1484 269 1566 cipi
290 1503 395 1569 posse,
417 1505 488 1552 eam
510 1505 592 1555 nunc
614 1489 743 1571 quidam
765 1490 921 1555 omittam.

603 1759 714 1831 aroer
735 1759 852 1830 xvu.
920 1716 923 1722 ’

289 1931 380 1999 Nunc
402 1951 495 2014 agam
526 1934 566 2001 de
589 1933 670 1999 libro
702 1934 824 2001 decimo
854 1935 1008 2016 septimo,
1039 1939 1090 2016 ut,
1122 1935 1199 2017 quid
1222 1935 1253 1999 in

206 2060 275 2110 eum
293 2042 409 2110 Strabo
431 2046 587 2127 receperit
604 2064 642 2109 ex
664 2045 719 2110 illo
734 2044 916 2128 geographo
932 2044 1081 2127 Ephesio,
1103 2049 1254 2110 statuam.

206 2156 309 2238 Atque
329 2154 424 2221 huius
446 2161 571 2222 tentum
594 2155 773 2239 fragmenta
795 2175 906 2222 eruere
929 2155 1074 2236 studebo,
1096 2174 1168 2222 cum
1191 2157 1254 2222 Vo-

204 2265 277 2345 gelii
299 2266 461 2349 quaestio,
492 2272 648 2349 utsupra
676 2268 742 2334 dixi
764 2267 861 2353 (pl)
885 2275 983 2349 utque
1012 2285 1094 2333 nnnc
1124 2268 1253 2332 demon·

204 2377 322 2458 strabo,
346 2397 405 2443 non
429 2379 505 2444 talis
527 2379 578 2458 sit,
610 2380 694 2446 unde
715 2397 846 2445 exorsus
869 2384 990 2445 ceteros
1013 2383 1176 2460 auctores,
1199 2379 1253 2446 ubi

205 2489 342 2555 adhibiti
364 2491 441 2571 sint,
473 2491 627 2574 indagare
649 2490 760 2573 possis.
804 2493 907 2558 Huius
929 2495 1038 2556 antem
1060 2483 1254 2575 quaestionis

205 2602 344 2666 ordinem
367 2602 415 2668 ita
445 2603 628 2685 disponam,
659 2608 696 2668 ut
726 2604 758 2668 in
789 2603 1009 2685 prioreparte
1039 2603 1196 2685 periplum
1221 2609 1254 2669 et
1306 2644 1313 2653 ·

205 2713 342 2797 Aegypti
364 2720 398 2780 et
420 2715 540 2798 Libyae
562 2715 763 2781 coniunctum
781 2720 929 2794 tractem,
959 2716 991 2780 in
1014 2715 1117 2780 attera
1138 2715 1254 2780 deinde

205 2823 369 2891 Strabonis
392 2827 603 2892 narrationem
628 2833 766 2906 secutus,
788 2846 870 2909 quae
892 2833 1059 2907 praeterea
1073 2827 1106 2891 in
1128 2807 1253 2908 quaque

204 2937 405 3019 paragrapho
428 2938 587 3004 mentione
608 2937 707 3026 digna
728 2938 809 3018 sint,
839 2936 1008 3019 proferam.
1051 2937 1163 3019 ltaque
1185 2936 1252 3017 pri-

204 3066 288 3112 mum
312 3066 479 3130 quaeram,
508 3049 623 3129 quibus
644 3048 856 3132 paragraphis
877 3049 1020 3132 pen'plus
1042 3049 1250 3114 contineatur.

288 3161 395 3241 Atque
410 3159 551 3244 Aegypti
571 3160 648 3228 litus
670 3160 899 3242 perstringitur
920 3178 947 3226 c.
963 3161 992 3240 1,
1007 3161 1027 3226 6
1042 3161 1084 3225 in.
1100 3179 1132 3240 p.
1145 3160 1204 3225 791
1217 3158 1251 3225 O.

203 3265 272 3336 ἔστι
294 3267 403 3336 τοίνυν
431 3266 451 3360 ἡ
481 3263 550 3337 ἀπὸ
572 3267 759 3356 Πηλουσίου
789 3273 831 3337 ad
863 3263 1136 3358 ἀμφίστομον),
1166 3272 1249 3353 §13

290 3542 320 3617 l)
343 3540 463 3602 Dixerit
486 3541 552 3623 quis
575 3541 765 3614 Strabonem,
798 3540 849 3620 qni
871 3539 937 3618 ipse
958 3539 1024 3599 illas
1045 3539 1184 3614 regiones
1205 3541 1250 3601 yi-

204 3633 292 3700 serat,
324 3629 378 3686 has
400 3647 553 3686 mensuras
582 3626 718 3686 edidisse.
773 3627 830 3686 Sed
861 3625 922 3684 noli
951 3632 1057 3704 putare
1088 3633 1249 3698 sumtum,

204 3733 268 3772 cnm
290 3713 323 3771 in
346 3719 484 3792 Aegypto
512 3720 647 3773 versetur
676 3718 736 3784 est,
765 3711 923 3786 diligenter
952 3711 1070 3786 singula
1090 3712 1250 3771 intervalla

203 3805 329 3859 notasse.
373 3802 418 3858 Eo
441 3799 521 3859 enim
543 3805 685 3876 tempore,
709 3818 767 3879 qno
789 3798 899 3856 itinera
921 3817 975 3856 sna
989 3798 1069 3870 feeit,
1091 3798 1161 3856 libri
1180 3818 1249 3872 geo·

204 3885 362 3962 graphioae
390 3885 500 3945 indolis
530 3885 678 3944 scribendi
709 3884 864 3944 consilinm
887 3884 1018 3942 nondum
1048 3884 1144 3962 cepit:
1168 3885 1250 3942 nulla

204 3970 295 4044 igitur
317 3990 406 4030 eausa
437 3977 516 4043 erat,
549 3991 601 4031 eur
629 3970 703 4030 tales
735 3990 799 4042 res,
830 3989 902 4048 quas
932 3970 1008 4028 scire
1029 3970 1156 4029 neminis
1186 3971 1248 4028 iere

204 4056 259 4118 nisi
282 4059 446 4144 geographi
477 4057 618 4134 interest,
650 4063 887 4145 persequeretur,
941 4060 986 4116 Ae
1015 4055 1087 4120 licet
1115 4056 1247 4121 animad-
