3300 5018
689 398 996 506 .'‘²⁰·‘

369 570 487 638 fontem
509 569 635 653 peripli¹
654 573 900 654 cognoverimus.
945 572 1084 638 Transeo
1113 568 1212 652 igitur
1241 567 1351 636 statim
1374 569 1416 635 ad

242 700 246 709 ¹
368 682 648 763 examinandam,
671 701 752 765 quae
773 683 1005 749 Zimmermann
1030 683 1069 747 de
1092 681 1228 747 circuitu
1250 680 1378 763 profert.
1441 752 1443 756 .

453 794 559 876 Atque
587 793 799 876 proficiscitur
829 794 1075 861 Zimmermanni
1105 793 1340 876 argumentatio
1378 813 1417 858 cx

367 904 426 970 III.
443 907 471 986 1,
493 906 513 971 8
535 925 565 988 p
584 906 646 972 140
660 905 705 986 0.,
726 904 791 985 ubi,
813 909 981 988 postquam
994 905 1112 971 Belone
1134 904 1324 988 praesertim
1342 903 1417 969 Tiu-

367 1015 431 1097 gim
455 1015 674 1082 Mauretaniae
704 1016 798 1082 traici
819 1017 976 1082 traditum
1007 1021 1073 1099 est,
1103 1020 1280 1099 sequuntur
1302 1015 1417 1080 verba:

367 1117 404 1214 ἢν
433 1124 470 1192 δὲ
501 1125 559 1192 καί
580 1126 679 1214 Ζῆλος
708 1125 767 1214 τῆς
793 1121 923 1211 Τίγγιος
944 1121 1156 1211 ἀστυγείτων,
1191 1119 1276 1192 ἀλλὰ
1309 1121 1416 1212 μετοί-

368 1260 464 1304 νασαν
486 1236 603 1325 ταύτην
627 1233 675 1315 εἷς
696 1234 752 1326 τὴν
773 1233 913 1324 περαίαν
929 1232 1093 1323 Ῥωμαῖοι,
1116 1235 1172 1303 καί
1195 1235 1232 1302 ἐκ
1255 1239 1312 1325 τῆς
1338 1233 1415 1323 Τίγ-

367 1372 438 1435 γιος
460 1344 705 1434 προσλαβόντες
726 1344 834 1426 τινός·
865 1343 1025 1434 ἔπεμψαν
1055 1347 1091 1415 δὲ
1113 1347 1170 1414 καί
1191 1341 1268 1436 παρ’
1293 1343 1415 1414 ἑαυτῶν

372 1456 535 1543 ἐποίκους,
557 1459 612 1526 καὶ
629 1453 804 1546 ὠνόμασαν
821 1452 957 1527 Ἰουλίαν
969 1454 1080 1541 ’Ίοζαν
1100 1457 1158 1548 τὴν
1173 1454 1283 1525 πόλιν.
1327 1462 1415 1545 Inde,

368 1575 454 1656 quod
485 1578 660 1639 memorata
690 1572 751 1638 hac
779 1572 858 1637 urbe
887 1572 966 1638 ordo
993 1571 1144 1639 circuitus
1174 1571 1418 1655 interrumpitur

369 1691 403 1750 et
424 1686 508 1766 quod
531 1684 563 1748 in
589 1683 790 1767 depingenda
814 1682 988 1764 Hispaniae
1011 1701 1067 1749 ona
1096 1684 1172 1748 orbs
1200 1681 1416 1751 Mauretaniae

367 1802 580 1876 enumeratur,
602 1796 833 1862 Zimmermann
857 1795 979 1876 p.,341,
1002 1794 1065 1861 348
1081 1812 1126 1875 sq.
1150 1794 1310 1860 concludit
1328 1794 1417 1861 Stra·

368 1908 457 1973 bonis
480 1913 640 1974 auctorem
662 1906 741 1973 baec
762 1906 829 1972 lere
845 1907 1035 1972 tradidisse:
1057 1901 1207 1969 incidor
1228 1899 1258 1992 σί
1279 1900 1418 1971 διάπλου

367 2013 513 2103 μόλιστοί
544 2014 628 2084 εἰσιν
660 2013 708 2095 είς
743 2012 853 2101 Τίγγιν
885 2015 942 2083 καί
971 2015 1073 2106 Ζῇλιν
1104 2015 1161 2104 τῆς
1190 2013 1414 2106 Μαυρουσίας.

368 2131 456 2198 Ηαεσ
478 2135 584 2197 autem
615 2147 686 2196 eum
709 2129 776 2193 Zeli
805 2129 884 2195 urbe
914 2129 944 2194 in
968 2128 1159 2211 Hispaniam
1180 2128 1340 2194 translata
1362 2149 1417 2194 ex-

369 2242 506 2308 scribere
521 2260 582 2307 non
596 2240 748 2322 potuisse.
776 2240 882 2321 Atqui
897 2241 982 2322 apud
999 2239 1104 2307 Strab.
1116 2239 1218 2306 XVII.
1231 2239 1261 2321 3,
1274 2242 1295 2307 6
1310 2260 1341 2323 p.
1353 2241 1415 2307 827

368 2353 402 2419 C.
425 2353 487 2436 legi
509 2353 604 2420 haec:
635 2347 694 2428 Εἷς
716 2350 752 2416 δὲ
783 2348 840 2439 τὴν
862 2347 953 2428 ἐντὸς
974 2346 1146 2416 θάλατταν
1169 2347 1325 2417 πλέουσιν
1346 2344 1416 2417 ἀπό

369 2461 501 2549 Λυγγὸς
523 2458 625 2541 πόλις
646 2459 717 2528 ἐστί
735 2460 834 2550 Ζῆλις
856 2459 912 2527 καί
938 2459 1048 2548 Τίγγις
1071 2465 1176 2539 (codd.
1198 2458 1305 2549 Τίγα).
1348 2464 1415 2529 Ita-

366 2595 428 2658 que
449 2595 488 2641 ex
510 2577 618 2641 eodem
640 2574 785 2640 hausisse
809 2573 996 2641 Strabonem
1019 2575 1077 2641 111.
1103 2577 1131 2655 1,
1154 2577 1174 2642 8
1196 2595 1226 2657 p.
1250 2576 1367 2642 140.c.

455 2685 543 2763 Quae
565 2685 793 2753 demonstratio
815 2703 916 2767 prava
939 2690 997 2764 est,
1020 2685 1080 2750 nisi
1103 2685 1304 2752 concedimus
1327 2685 1418 2753 Stra·
1468 2753 1471 2759 ,

367 2797 478 2862 bouem
502 2817 536 2864 re
559 2815 634 2864 vera
656 2797 721 2863 tale
735 2798 814 2881 quid
837 2798 867 2863 iu
883 2797 971 2862 fonte
993 2815 1050 2863 suo
1066 2797 1220 2879 scriptum
1243 2797 1362 2864 vidisse
1384 2803 1417 2863 et

366 2908 466 2975 XVII.
482 2910 512 2989 3,
535 2908 556 2973 6
570 2928 601 2991 p.
618 2910 681 2976 827
698 2908 731 2975 G.
747 2907 983 2976 Artemidorum
1006 2908 1198 2975 adhibuisse.
1234 2909 1303 2975 Hoc
1317 2909 1416 2991 probo

368 3024 451 3103 (pag.
477 3022 546 3102 17),
569 3020 648 3086 illud
670 3039 759 3103 nego.
803 3020 933 3103 Nequeo
955 3019 1038 3085 enim
1061 3019 1166 3084 animo
1187 3018 1322 3103 fingere,
1354 3040 1416 3102 quo

367 3132 460 3197 modo
475 3131 543 3198 fieri
558 3132 709 3215 potuerit,
732 3135 769 3196 ut
785 3131 900 3198 Strabo
916 3132 1026 3198 eodem
1041 3137 1171 3197 auctore
1193 3130 1243 3197 bis
1257 3137 1418 3214 excerpto,

367 3263 450 3326 quae
472 3243 557 3326 apud
580 3262 651 3308 eum
674 3242 763 3324 legit,
786 3262 824 3308 ea
846 3244 939 3308 modo
960 3248 1110 3322 mutaret,
1132 3245 1226 3309 modo
1248 3243 1417 3310 immutata

366 3355 529 3421 retineret.
573 3355 664 3433 Quod
696 3371 732 3419 eo
762 3355 867 3420 minus
897 3353 1003 3422 iacere
1032 3371 1177 3436 possum,
1206 3374 1277 3421 cum
1309 3356 1416 3438 priore

367 3465 435 3532 loco
457 3466 607 3548 corrigat,
629 3465 805 3564 posteriore
820 3484 881 3531 non
903 3465 989 3531 item.
1033 3466 1120 3546 Rem,
1143 3466 1169 3531 si
1188 3466 1282 3533 aliter
1304 3486 1338 3533 se
1361 3467 1417 3532 ba-

367 3576 467 3658 beret,
482 3577 667 3659 intellegere
682 3595 855 3659 possemus,
878 3595 949 3643 cum
965 3595 1089 3643 sumere
1103 3576 1214 3643 liceret
1229 3576 1416 3643 Strabonem

368 3690 408 3753 de
438 3690 624 3754 transducta
653 3686 720 3754 Zeli
751 3688 917 3754 certiorem
946 3686 1066 3755 factum
1098 3706 1168 3754 esso
1198 3704 1235 3754 eo
1264 3694 1416 3771 tempore,

366 3801 451 3881 quod
473 3799 653 3865 intercessit
675 3800 759 3865 inter
780 3799 989 3882 compositum
1012 3799 1142 3865 tertium
1165 3803 1198 3863 et
1218 3799 1415 3865 condendum

367 3911 536 3992 septimum
553 3911 709 3977 decimum
732 3910 858 3978 librum.
890 3909 970 3976 Sunt
992 3909 1091 3994 igitur
1112 3909 1415 3992 111.1,8p.1400.

367 4027 400 4092 et
433 4021 532 4088 XVII.
565 4022 603 4103 3,
642 4020 663 4085 6
700 4041 734 4104 p·
760 4022 824 4089 827
854 4021 888 4091 Ο.
920 4029 1068 4087 auctores
1105 4020 1187 4086 inter
1225 4037 1259 4086 se
1297 4021 1416 4088 diversi
