3300 5018
780 445 992 508 ...12-

363 608 537 695 Μοτίνδας,
569 605 738 691 ἀνάπλους
759 608 840 694 iloto
862 609 1014 701 μικρούς,
1046 611 1103 679 καί
1131 603 1279 678 Οίνακούα
1302 604 1410 676 ὡσαύ-

361 750 426 804 τως
442 775 449 789 .
466 775 499 790 ..
533 720 701 813 (Δούριος)
730 720 885 810 μεγάλοις
917 718 942 790 τ’
980 719 1224 809 ἀναπλεόμενος
1250 717 1412 808 σκάφεσιν

362 834 421 902 ἐπὶ
443 829 654 914 ὀκτακοσίους
677 833 791 918 σχεδόν
812 861 844 901 τι
868 833 1030 914 σταδίους.

448 949 509 1013 Per
524 967 605 1030 quae
622 949 784 1032 colligitur
797 948 954 1032 periplum
970 949 1001 1014 in
1019 950 1200 1014 universum
1224 946 1278 1012 uni
1295 947 1413 1013 eidem·

362 1079 423 1141 que
447 1059 569 1126 auctori
602 1060 814 1126 adserendum
847 1078 932 1140 esse,
966 1061 1021 1141 qui
1054 1060 1116 1126 sibi
1147 1056 1241 1141 fingit
1262 1077 1413 1141 promun-

361 1170 480 1237 turium
505 1169 652 1251 Sacrum,
676 1171 760 1253 quod
781 1169 873 1236 finiat
895 1175 928 1238 et
949 1171 1027 1237 litus
1051 1170 1256 1237 meridionale
1277 1174 1311 1235 et
1332 1169 1412 1236 occi-

361 1282 500 1361 dentale,
522 1281 657 1347 maxime
679 1283 721 1348 ad
738 1282 933 1348 occidentem
948 1283 1124 1365 proiectum
1147 1301 1225 1362 esse,
1248 1300 1317 1347 curn
1337 1300 1412 1364 pro-

361 1393 556 1459 munturium
580 1393 753 1458 Artabrum
784 1399 881 1477 caput
911 1398 1007 1477 atque
1039 1394 1203 1459 exordium
1235 1411 1310 1458 orae
1340 1411 1412 1474 sep-

361 1504 561 1572 tentrionalis
585 1505 636 1569 sit.
680 1505 787 1586 Atque
802 1507 935 1570 eandem
958 1505 1128 1588 imaginem
1143 1523 1215 1571 cum
1238 1505 1265 1571 is
1288 1523 1412 1586 quoque

252 1620 255 1626 '
360 1617 421 1683 sibi
444 1616 680 1695 informaverit,
702 1637 722 1682 a
745 1637 807 1699 quo
829 1636 855 1684 c.
881 1621 909 1697 1,
932 1619 952 1683 3
973 1638 1004 1701 p.
1030 1618 1089 1684 137
1114 1617 1147 1684 0.
1170 1617 1360 1699 petitorem,
1391 1636 1412 1680 a

360 1747 436 1795 vero
459 1748 509 1793 me
531 1729 702 1794 abscedere
734 1747 794 1794 non
818 1735 895 1811 puto
918 1750 944 1797 c.
968 1733 995 1811 1,
1018 1731 1038 1796 3
1071 1730 1306 1796 adscribentem
1328 1729 1411 1794 anti·

362 1840 467 1921 quiori
489 1839 536 1905 illi
558 1841 690 1921 auctori.
736 1842 828 1920 Quod
862 1846 898 1906 ut
928 1842 1054 1908 facilius
1077 1842 1206 1920 credas,
1237 1839 1412 1905 exscribam

360 1970 414 2018 eas
436 1956 555 2034 parter,
587 1951 702 2033 quibus
723 1953 834 2018 eodem
868 1953 981 2019 iisdem
1015 1953 1081 2020 fere
1103 1953 1211 2018 verbis
1234 1957 1266 2017 et
1289 1969 1315 2017 c.
1342 1954 1369 2032 1,
1392 1950 1412 2015 3

363 2067 397 2130 et
418 2064 450 2129 in
474 2062 543 2144 ipso
566 2062 689 2145 periplo
712 2069 896 2129 narrantur:

405 2172 444 2239 τὸ
474 2171 510 2239 δὲ
542 2169 650 2239 νότιον
683 2177 741 2257 (sc.
772 2175 873 2240 πλευ·
942 2195 968 2242 c.
993 2181 1023 2257 1,
1045 2175 1065 2240 6
1087 2197 1117 2259 p.
1140 2176 1202 2241 139
1225 2175 1258 2241 C.
1290 2175 1345 2262 τῆς
1376 2170 1412 2238 δέ

360 2281 429 2372 ρόν)
467 2278 486 2372 ἥ
516 2309 550 2349 τε
579 2278 656 2350 καθ’
688 2281 776 2374 ἡμᾶς
804 2282 871 2352 doi-
900 2290 1048 2367 συνεχοῦς
1078 2285 1124 2374 τῷ
1147 2284 1243 2372 Ἱερῷ
1266 2278 1412 2371 ἀκρωτη-

256 2464 259 2469 ,
362 2395 465 2460 λαττα
488 2399 543 2475 (sc.
560 2399 664 2476 ποιεῖ)
680 2448 688 2462 .
705 2449 712 2462 .
728 2449 761 2463 ..
782 2394 873 2486 καὶὴ
899 2394 959 2484 ρίῳ
988 2393 1155 2484 παραλίας
1183 2392 1203 2485 ἡ
1232 2395 1292 2482 μέν
1323 2393 1412 2461 ἐστιν

360 2502 453 2583 ἕκτος
490 2504 529 2571 τὸ
568 2501 643 2594 ἑξῆς
679 2506 773 2594 μέχρι
816 2510 873 2575 τοῦ
900 2501 980 2596 ἀρχὴ
1015 2511 1071 2574 τοῦ
1116 2503 1270 2592 έσπερίου
1308 2507 1409 2574 πλευ-

353 2612 454 2701 Ἱεροῦ
489 2616 690 2702 καλουμένου
726 2612 872 2707 ἆκρωτη-
899 2618 956 2705 ροίν
973 2670 980 2683 .
997 2669 1029 2684 ..
1052 2615 1071 2708 ἣ
1093 2618 1130 2685 δέ
1151 2621 1208 2684 τοῦ
1231 2616 1348 2687 νοτίου.

360 2724 447 2812 ρίου·
478 2723 588 2813 τρίτον
610 2725 681 2794 ἐστὶ
703 2729 740 2796 τὸ
770 2725 872 2796 έσπέ-

360 2863 429 2926 ριον
467 2837 608 2927 πλευρὸν
730 2839 768 2907 τὸ
805 2834 873 2908 ἀπὸ

359 2952 416 3016 τοῦ
431 2946 530 3037 Ἶεροί
553 2944 760 3040 ἀκρωτηρίου.

402 3159 427 3206 c.
451 3142 479 3222 l,
503 3142 523 3206 3
544 3161 576 3222 p.
598 3141 659 3208 137
682 3142 715 3208 C.
743 3139 789 3207 Td
812 3144 869 3224 (sc.
941 3161 967 3209 c.
991 3145 1021 3222 3,
1043 3143 1064 3210 5
1085 3165 1117 3226 p.
1133 3143 1195 3210 153
1220 3144 1254 3210 O.
1276 3137 1410 3209 ίίστατοι

362 3247 516 3338 ἑσπέριον
538 3249 690 3340 πλευρὸν)
723 3246 792 3318 ἀπὸ
815 3257 871 3321 τοῦ
898 3247 928 3319 d'
945 3250 1089 3320 οίκοίσιν
1112 3250 1298 3340 ’Ἀρταβροι
1332 3251 1408 3335 περὶ

352 3357 454 3447 Ἱεροῦ
476 3355 675 3450 ἀκρωτηρίου
696 3362 792 3451 μέχρι
814 3368 871 3452 τῆς
896 3364 954 3455 τὴν
975 3359 1087 3454 ίίκραν,
1116 3356 1136 3454 ἢ
1163 3365 1311 3431 καλεῖται
1342 3362 1408 3430 Νέ-

358 3472 444 3560 πρὸς
468 3467 668 3562 Ἀρτοίβροις
691 3469 809 3563 ίίκρας,
832 3467 870 3566 ἣν
897 3501 982 3563 ριον,
1019 3467 1039 3565 ἢ
1072 3476 1129 3544 καί
1163 3481 1219 3566 τῆς
1256 3471 1410 3563 ἑσπερίου

360 3584 497 3651 καλοῦσι
520 3585 648 3674 Νέριον.
896 3589 1039 3676 πλευρᾶς
1083 3587 1139 3656 καί
1182 3587 1240 3678 τῆς
1280 3585 1409 3676 βορείου

897 3698 1003 3789 πέρας
1024 3698 1123 3767 ἐστίν.

444 3843 544 3921 Quem
581 3850 688 3913 autem
726 3850 887 3912 auctorem
924 3847 1021 3913 luisse
1063 3849 1252 3915 credamus?
1317 3849 1408 3917 Hanc

360 3954 475 4020 summi
497 3956 648 4021 momenti
670 3957 885 4039 quaestionem
909 3964 946 4024 ut
969 3961 1010 4026 ad
1034 3963 1182 4026 eventum
1204 3961 1409 4042 adducamus,

357 4064 474 4132 iterum
512 4066 601 4134 nobis
638 4069 863 4136 exordiendum
901 4077 950 4138 est
987 4070 1027 4137 ab
1065 4089 1091 4137 c.
1113 4073 1149 4153 3,
1181 4074 1201 4140 3
1230 4073 1344 4154 p.152
1374 4074 1406 4141 C.
