3300 5018
368 604 425 684 (sc.
446 603 560 668 librum
585 603 685 685 lecit),
708 605 782 667 dnm
806 604 846 668 ab
870 605 946 670 urbe
968 605 999 668 in
1025 604 1209 685 Hispaniam
1233 603 1413 668 ulteriorem

369 724 483 794 quarto
506 722 538 778 et
560 715 708 780 vicesimo
731 715 783 778 die
813 715 991 796 pervenit“,
1021 735 1121 780 nonne
1152 715 1413 779 verisimillimum

368 833 418 891 est
434 825 627 904 Suetonium,
649 827 713 906 qui,
736 843 817 908 quae
839 827 878 890 de
893 826 1012 890 Itinere
1027 826 1155 891 exhibet
1175 825 1315 907 perlecto
1330 832 1415 890 certe

367 937 421 1001 illo
443 937 583 1002 carmine
613 938 757 1018 scripsit,
789 937 928 1001 indidem
961 937 1058 1001 etiam
1081 957 1120 1002 ea
1142 936 1302 1017 hausisse,
1334 954 1415 1017 qnae

368 1049 460 1111 modo
492 1049 666 1128 exscripsi?
720 1047 900 1129 Utcumque
932 1066 980 1112 res
1009 1048 1177 1128 sehabet,
1208 1067 1268 1111 non
1291 1047 1415 1111 intelle·

369 1161 482 1238 gimns,
514 1177 577 1238 qna
606 1160 646 1224 de
679 1177 775 1223 causa
798 1157 912 1223 Strabo
941 1159 981 1222 ad
1005 1160 1216 1224 exornandam
1240 1177 1329 1222 suam
1360 1158 1415 1221 de·

368 1270 571 1350 scriptionem
595 1271 634 1332 ad
668 1269 738 1334 illos
762 1267 966 1354 συγγραφέας
995 1269 1181 1351 confugerit.
1228 1269 1291 1334 Sed
1322 1287 1416 1348 quos-

369 1399 439 1444 nam
474 1381 530 1444 hos
560 1399 629 1445 esse
663 1380 879 1445 arbitremur?
924 1382 1066 1445 Asinium
1100 1379 1289 1460 Pollionem,
1323 1397 1415 1461 quern

369 1489 467 1573 Vogel
505 1493 636 1570 statuit,
676 1492 906 1557 Zimmermann
948 1493 987 1557 nb
1027 1492 1059 1556 id
1091 1491 1160 1556 viae
1195 1488 1417 1572 descriptionis

368 1611 528 1668 auctorem
562 1603 658 1668 fnisse
690 1608 802 1684 negat,
835 1604 918 1683 quod
948 1603 1019 1680 ille,
1051 1603 1125 1665 dum
1151 1601 1269 1667 (laesor
1300 1600 1417 1666 bellum

369 1714 485 1794 gessit,
516 1715 546 1777 in
571 1713 712 1779 Africam
744 1720 942 1779 transvectus
972 1723 1029 1777 est.
1073 1713 1141 1777 Non
1172 1720 1257 1777 recta
1287 1713 1416 1778 dictum.

370 1825 434 1890 Cur·
455 1825 536 1889 enim
560 1824 629 1890 fieri
652 1845 711 1890 non
739 1826 862 1905 potuit,
883 1837 920 1889 ut
945 1825 1090 1901 Asinius,
1113 1823 1237 1888 etiamsi
1260 1823 1314 1888 1110
1338 1830 1417 1886 tem·

370 1955 445 2016 pora
468 1936 498 1999 in
522 1936 678 2018 Hispania
701 1953 759 2000 non
784 1944 978 2016 versaretur,
1002 1936 1082 1999 hanc
1103 1935 1187 1998 viam
1210 1934 1418 2014 depingeret?

370 2049 416 2113 hc
440 2066 559 2112 mecum
583 2048 768 2128 dubitante,
791 2048 917 2130 quinam
941 2054 1047 2112 essent
1078 2045 1124 2110 illi
1157 2046 1355 2130 συγγραφεῖς
1376 2082 1418 2090 -

367 2158 491 2239 indiget
521 2159 603 2227 enim
632 2157 727 2223 etiam
752 2159 874 2241 Vogelii
904 2159 1008 2240 opinio
1037 2156 1127 2221 firmo
1149 2156 1354 2222 fundamento
1376 2193 1417 2201 -

370 2270 500 2335 Curtins
525 2270 730 2335 ll'achsmuth
760 2289 817 2349 pro
847 2270 999 2351 singulari
1031 2287 1088 2332 sua
1114 2268 1312 2333 humanitate
1335 2286 1416 2332 com-

370 2381 552 2459 municavit,
575 2398 709 2463 quonam
734 2399 791 2445 sua
814 2382 854 2445 de
877 2381 926 2445 his
951 2380 1044 2443 rebus
1066 2379 1223 2444 sententia
1245 2378 1421 2444 inclinaret.

372 2491 448 2556 01111
481 2493 562 2555 enim
594 2498 739 2573 apertum
771 2493 814 2556 sit
837 2491 1022 2556 Strabonem
1056 2496 1162 2555 nostro
1193 2489 1259 2556 loco
1281 2478 1435 2556 breviter'

371 2602 653 2684 comprehendere,
689 2621 770 2683 quae
807 2603 837 2666 in
872 2602 1126 2685 hypomnematis
1162 2601 1228 2666 suis
1261 2601 1422 2667 historicis

372 2714 498 2778 uberius
528 2716 567 2778 de
598 2715 745 2780 Caesaris
781 2713 894 2778 itinere
925 2713 1135 2793 disseruerat,
1173 2715 1369 2798 συγγραφεῖς
1398 2712 1420 2776 11

371 2824 543 2906 scriptores
566 2825 768 2906 intellegendi
791 2833 874 2905 sunt,
898 2839 1030 2904 quorum
1046 2824 1268 2889 auctoritatem
1292 2830 1421 2889 secutus

371 2937 402 3001 in
434 2937 535 3028 altero
567 2937 621 3003 illo
653 2955 747 3018 opere
770 2936 937 3002 Gaesarem
972 2935 1021 2998 his
1055 2935 1114 2999 1111
1145 2934 1321 3016 proiectum
1353 2953 1421 2999 osso

372 3058 567 3115 narraverat.
611 3049 722 3130 ltaque
738 3048 866 3130 quinam
890 3046 937 3111 illi
960 3045 1086 3124 luerint,
1110 3049 1337 3132 incompertum
1361 3053 1420 3111 est.

460 3161 645 3242 Priusquam
679 3162 877 3226 adulterius
905 3161 1021 3244 capitis
1050 3169 1195 3228 auctores
1224 3163 1422 3246 indagandos

372 3276 537 3352 accedam,
567 3293 669 3355 pauca
699 3274 739 3338 de
767 3275 892 3340 nomine
923 3269 1091 3356 Βεττέρων
1120 3274 1307 3354 adiungam,
1338 3277 1420 3358 quod

372 3386 402 3449 in
437 3385 542 3449 media
574 3387 634 3468 §9
667 3386 792 3467 legitur.
837 3386 927 3462 Quod
954 3369 1046 3451 'idem
1069 3404 1138 3450 esse
1161 3405 1197 3448 ac
1221 3385 1420 3451 Praetorium

371 3497 459 3576 (ltin.
479 3502 550 3560 Ant.
573 3497 661 3581 398),
684 3498 731 3561 ita
754 3502 789 3562 ut
813 3497 958 3562 Betteres
980 3495 1136 3578 significet
1158 3496 1241 3561 idern
1265 3498 1421 3564 1111111-

372 3628 466 3673 ranos
496 3608 544 3672 vel
567 3608 795 3673 Veteranorum
831 3606 999 3685 coloniam,
1023 3607 1198 3689 Wesseling
1228 3608 1422 3689 ingeniosius

373 3739 465 3800 quam
495 3720 602 3784 verius
632 3720 782 3801 coniecit,
814 3737 883 3784 cum
915 3728 948 3784 11
977 3720 1008 3784 11
1031 3719 1104 3784 Itin.
1128 3720 1201 3784 Ant.
1232 3727 1265 3784 ot
1294 3721 1325 3784 in
1349 3721 1422 3786 ltin.

374 3837 453 3913 hqu.
478 3831 580 3912 Apoll.
605 3830 849 3913 (Η11115210)
882 3837 914 3895 et
945 3832 1037 3912 apud¹
1055 3830 1167 3909 Geogr.
1200 3831 1278 3895 Rau.
1312 3833 1421 3896 eodem

371 3941 440 4006 1010
463 3950 744 4007 commemorentur
768 3943 914 4008 Seterrae
944 3940 993 4006 111
1017 3941 1153 4006 Seterra.
1198 3941 1299 4006 Multo
1322 3942 1422 4023 igitur

372 4054 583 4135 probabiliore
606 4055 785 4118 coniectura
808 4050 1038 4139 11οΒέττερ1ς
1060 4051 1234 4118 scribemus
1258 4031 1420 4139 Σέτερρες.
