3290 5020
726 402 1001 522 ,.6..Ι

310 625 378 696 loco
401 634 553 713 quantum
579 628 678 694 bonae
700 627 802 710 frugis
825 629 866 693 cd
890 632 1030 693 nostram
1047 626 1263 708 quaestionem
1288 643 1360 704 pro·

309 739 481 822 fligandam
515 740 719 822 percipiatur.
776 742 821 807 Ac
853 741 989 821 primum
1013 737 1139 820 quidem
1173 737 1263 802 XIII.
1286 734 1359 817 3,5

311 851 601 934 possessuro
624 869 683 916 non
708 851 786 916 dicit
808 851 912 917 sinum
939 849 1107 915 Elaiticum
1131 855 1255 930 partem
1272 847 1360 913 sinus

312 963 538 1046 Adramytteni
560 980 638 1041 esse,
668 963 752 1043 qood
776 962 879 1028 dicere
902 961 1049 1036 debebat,
1082 962 1108 1025 si
1131 960 1213 1024 hanc
1235 970 1361 1024 senten·

312 1075 388 1140 tiam
411 1079 606 1156 sequeretur.
650 1073 773 1139 Deinde
796 1073 908 1154 Hydra
929 1073 1186 1155 promunturium
1208 1070 1361 1135 terminet

311 1187 423 1262 sinum,
447 1187 480 1251 id
503 1187 587 1267 quod
610 1185 799 1251 adversatur
822 1185 919 1266 priori
949 1183 1045 1263 fonti,
1075 1183 1246 1248 secundum
1269 1200 1361 1264 quem

311 1296 364 1361 ilie
394 1297 436 1361 ad
459 1297 563 1362 Canas
594 1315 693 1380 usque
724 1297 915 1378 pertinebat.
959 1297 1039 1360 Tum
1068 1300 1174 1360 autem
1206 1294 1289 1359 inter
1317 1292 1363 1356 al·

312 1416 414 1473 terum
438 1407 567 1490 iontem,
595 1427 688 1490 quem
711 1426 808 1490 supra
830 1409 940 1488 stetui,
965 1413 998 1471 et
1022 1407 1259 1471 Artemidorum
1283 1422 1359 1469 uon·
1389 1486 1392 1493 Ι

313 1519 418 1585 nullae
449 1518 672 1585 similitudines
706 1520 914 1585 intercedunt.
970 1518 1091 1583 Eadem
1123 1518 1206 1582 enim
1239 1515 1363 1580 rati0ne
1477 1529 1481 1540 ·

312 1630 352 1696 ab
376 1629 616 1713 utroquefines
646 1631 771 1696 sinuum
794 1630 917 1696 duobus
947 1629 1008 1695 sibi
1036 1629 1192 1711 oppositis
1214 1644 1362 1710 promun-

314 1742 408 1807 turiis
423 1743 685 1821 determinentur,
708 1761 789 1825 quoe
805 1750 958 1823 quantum
982 1743 1066 1806 inter
1082 1760 1116 1806 se
1140 1740 1261 1805 distent
1278 1742 1363 1801 utro-

314 1873 374 1936 que
408 1855 475 1919 loco
507 1854 634 1937 legitur.
684 1853 827 1934 Denique
859 1853 981 1919 indoles
1016 1851 1238 1932 descriptionis
1271 1848 1364 1931 plane

313 1967 424 2031 eadem
444 1971 494 2030 est
508 1971 604 2048 atque
620 1965 905 2029 Artemidorinnee.
950 1965 1072 2029 Scimus
1089 1963 1269 2039 enimcum,
1291 1978 1362 2026 cum

314 2077 481 2142 circuitum
497 2077 660 2155 scriberet,
683 2076 715 2140 id
731 2077 921 2158 praesertim
937 2076 1107 2153 studuisse,
1131 2080 1167 2139 ut
1185 2093 1266 2157 quae
1282 2075 1366 2137 esset

314 2195 430 2252 natura
462 2186 567 2253 litoris
601 2187 842 2269 expliceret‚u
844 2195 927 2252 tea
961 2205 1042 2268 quae
1081 2187 1161 2253 scire
1195 2190 1366 2250 nautarum

315 2301 484 2365 interesset
518 2306 715 2365 memoraret.
778 2299 869 2377 Quod
899 2317 959 2364 non
998 2299 1099 2364 solum
1137 2298 1238 2379 ipsius
1279 2295 1365 2377 frag-

316 2413 485 2476 mentisc
454 2410 523 2495 (cri.
499 2409 583 2475 rir.
607 2410 657 2485 26,
680 2410 731 2488 44,
753 2409 805 2488 45,
831 2411 1011 2491 113,138)
1042 2410 1276 2492 comprobatur,
1308 2409 1363 2473 sed

317 2522 413 2588 etiam
445 2522 602 2604 expressis
632 2521 737 2586 verbis
768 2521 836 2603 ipse
865 2520 1025 2588 confessus
1047 2527 1113 2586 est:
1145 2520 1206 2586 Str.
1228 2520 1314 2586 XVI.
1335 2521 1366 2598 4,

204 2707 209 2717 ,
318 2635 357 2698 14
388 2653 418 2715 p.
444 2634 506 2699 774
530 2632 570 2698 C:
592 2627 765 2718 κάμψαντι
797 2630 835 2697 δέ
865 2633 959 2698 τοῦτο
997 2626 1041 2709 ὡς
1074 2629 1132 2697 ένιί
1162 2626 1366 2717 μεσημβρίαν

317 2737 433 2826 οὐκέτι,
456 2740 555 2831 φησίν
568 2744 624 2826 (sc.
637 2736 906 2831 Ἀρτεμίδωρος),
930 2739 1044 2828 ἔχομεν
1066 2742 1243 2827 λιμένων
1266 2735 1365 2806 ἅνα-

316 2851 485 2939 γραφιίς.
542 2857 649 2937 Atque
679 2857 790 2923 eadem
820 2857 943 2922 ratione
978 2857 1171 2938 compositae
1202 2861 1276 2920 sunt
1306 2855 1367 2920 hae

316 2972 434 3048 partes
458 2967 547 3032 cuius
570 2968 616 3033 rei
638 2967 787 3033 nonnulle
810 2968 954 3049 exempla
975 2987 1135 3049 promam:
1159 2968 1247 3033 XIII.
1274 2969 1300 3048 1,
1324 2967 1363 3032 51

317 3098 349 3159 p.
365 3079 428 3146 606
444 3079 481 3144 C
505 3072 729 3159 αἈσνιανεύς,
752 3102 791 3143 το
781 3074 1029 3163 αλοτόμιαν
994 3103 1051 3166 της
1062 3071 1185 3156 Ἰδαίας
1205 3072 1367 3164 cipp...

315 3181 570 3274 Ἀδραμύττιον,
609 3185 725 3273 έχαασα
765 3189 821 3255 καὶ
855 3186 1068 3273 ναύσταθμον
1078 3239 1168 3256 .....
1215 3187 1367 3277 Κισθήνη

319 3295 436 3380 ἔχουσα
465 3299 590 3386 λιμένα.
652 3302 740 3367 ΧΙΙΙ.
772 3302 808 3381 3,
838 3303 859 3367 5
889 3322 920 3383 p.
943 3301 1069 3367 6220:
1108 3297 1233 3378 Αἰολὶς
1271 3297 1369 3380 πόλις

318 3405 435 3491 ἔχουσα
458 3404 634 3497 λιμένα,
604 3435 654 3476 ecc
681 3405 824 3493 Ἀχαιῶν
846 3409 961 3500 λιμήν.
978 3463 986 3478 .
1002 3463 1034 3479 ..
1056 3399 1121 3478 eii
1146 3407 1367 3502 έβδομήκονια

319 3518 479 3610 (στάδιοι)
510 3521 557 3602 εἰς
585 3517 719 3606 Ἐλαίαν,
755 3523 869 3610 λιμένα
897 3520 1032 3606 ἔχουσαν
1060 3524 1118 3591 καὶ
1147 3520 1368 3609 ναύσταθμον.

321 3636 409 3712 Quae
432 3638 538 3702 omnia
560 3656 630 3702 cum
653 3638 773 3719 optime
796 3645 980 3719 congruant,
1011 3638 1097 3702 haud
1131 3637 1225 3703 dubie
1248 3656 1286 3701 ex
1309 3639 1368 3700 Ar-

320 3746 474 3812 temidoro
490 3748 666 3813 derivanda
688 3754 772 3827 sunt,
795 3750 884 3815 cuius
908 3746 946 3814 fr.
965 3749 1035 3830 130,
1058 3749 1142 3831 quod
1164 3748 1265 3813 solum
1288 3766 1370 3812 com·

320 3875 434 3937 parare
456 3877 634 3940 possumus,
656 3859 698 3923 od
721 3860 931 3940 suspicionem
956 3880 1057 3926 meam
1087 3858 1275 3924 firmandam
1297 3876 1370 3940 pro·

321 3965 404 4033 ferre
427 3968 503 4033 mihi
527 3969 631 4052 liceat,
656 3989 726 4036 cum
750 3970 834 4038 idem
858 3972 1028 4052 contineat,
1051 3970 1134 4053 quod
1159 3969 1264 4036 Strab.
1280 3970 1369 4035 XIII.

324 4083 352 4161 1,
375 4080 415 4146 68
438 4101 469 4171 p.
492 4081 555 4148 615
579 4082 612 4148 C.
643 4083 748 4171 Leges
778 4083 873 4150 hoec:
907 4078 991 4169 diupo
1021 4078 1072 4160 τίς
1103 4079 1173 4147 ἐστι
1195 4076 1370 4164 Αἰολίδος,
