3292 5006
829 401 1042 470 „76-

412 570 544 653 librarii,
566 573 646 640 nihil
669 573 812 641 interest.
856 574 918 651 Qui
948 581 1053 644 tamen
1087 574 1148 641 hac
1169 574 1378 656 explicatione
1400 591 1463 641 non

413 691 580 752 contentus
603 685 783 752 differentia
812 686 868 751 ille
891 686 978 751 nisus
1000 686 1095 752 aliam
1118 686 1296 768 opinionem
1318 685 1463 769 proferre

415 797 501 878 velit,
523 798 551 862 is
572 796 722 878 conferat,
743 815 877 879 quaeso,
900 815 1063 864 mensuras
1085 798 1179 880 plane
1202 798 1359 878 diversas,
1382 815 1464 880 quas

413 907 493 974 Plio.
521 909 558 975 V.
591 910 631 975 63
664 909 806 991 exhibet,
838 909 1039 975 latitudinem
1070 916 1183 992 patere
1213 911 1257 978 30
1286 928 1326 974 m.
1357 930 1388 991 p.
1418 939 1463 964 =

414 1021 478 1088 240
499 1026 549 1097 st..
573 1021 739 1087 circuitum
762 1021 826 1088 250
848 1040 887 1087 m.
913 1041 943 1103 p.
965 1050 1008 1073 =
1030 1021 1116 1087 2000
1137 1028 1187 1101 st,
1217 1021 1267 1087 vel
1290 1021 1463 1087 secundum

413 1132 492 1197 alios
514 1139 659 1198 auctores
681 1133 910 1215 longitudinem
933 1131 1199 1215 latitudinemque
1223 1132 1307 1199 1200
1329 1138 1369 1198 st.

498 1245 567 1308 Iam
591 1262 664 1309 vero
687 1244 727 1308 de
756 1243 940 1324 intervallo,
971 1246 1056 1325 quod
1078 1246 1212 1310 interest
1243 1244 1326 1309 inter
1347 1244 1463 1310 Corsu-

415 1375 484 1422 ram
514 1362 546 1422 et
577 1355 763 1438 Lilybaeum
794 1349 943 1437 c.3,1e
973 1375 1002 1436 p.
1019 1355 1083 1422 834
1105 1356 1137 1422 G.
1166 1355 1250 1422 idem
1280 1356 1464 1438 praebetur,

414 1468 498 1549 quod
520 1467 574 1533 VI.
590 1468 620 1549 2,
645 1468 660 1531 1
685 1472 747 1532 ext.
762 1487 793 1549 p.
810 1468 872 1534 267
889 1466 929 1532 G:
951 1461 1022 1531 ἔστι
1045 1463 1160 1531 δὲκαὶ
1182 1458 1251 1530 αἰπδ
1272 1462 1463 1550 Λιλυβαίου

414 1571 625 1658 τούλάχιστον
654 1573 777 1664 δίαρμα
807 1575 865 1643 ἐπὶ
886 1572 1019 1664 Λιβύην
1046 1573 1144 1658 χίλιοι
1172 1574 1229 1642 καὶ
1249 1573 1462 1643 πεντακόσιοι

414 1688 491 1778 περὶ
513 1685 718 1778 Καρχηδόνα.
764 1691 1031 1757 Verisimillimum
1055 1690 1154 1771 igitur
1173 1695 1221 1755 est
1236 1697 1373 1774 utroque
1394 1690 1463 1756 loeo

414 1804 547 1868 eundem
575 1803 762 1885 scriptorem
785 1802 966 1868 adhibitum
991 1819 1067 1869 esse.
1114 1802 1176 1868 Sed
1207 1820 1277 1868 eum
1308 1802 1363 1867 illo
1394 1802 1463 1868 loco

413 1914 508 1995 paulo
530 1919 605 1979 ante
627 1914 849 1979 Artemidorus
877 1919 1085 1994 memoretur,
1115 1933 1177 1979 non
1200 1913 1354 1979 audacius
1376 1913 1465 1979 vide-

414 2044 485 2091 mur
507 2043 631 2092 sumere
655 2025 841 2092 Strabonem
864 2026 924 2091 boc
946 2043 1070 2108 quoqne
1092 2045 1130 2090 ex
1159 2044 1196 2091 eo
1219 2027 1465 2107 deprompsisse.

414 2139 502 2217 Quae
524 2155 595 2204 cum
626 2139 675 2203 ita
703 2138 783 2217 sint,
815 2137 911 2203 etiam
942 2156 967 2203 c.
983 2138 1012 2216 3,
1037 2137 1077 2202 16
1099 2156 1129 2217 p.
1145 2137 1210 2202 834
1232 2137 1265 2202 0.
1290 2137 1464 2203 abeodem

413 2249 502 2315 fonte
533 2249 685 2332 originem
715 2249 814 2316 ducit.
863 2248 1034 2315 Praeterea
1063 2249 1163 2331 Vogel
1192 2249 1312 2330 optime
1342 2249 1467 2313 monuit

414 2361 445 2426 in
469 2360 529 2427 hec
552 2362 754 2444 paragrapho
776 2362 953 2442 complures
985 2359 1079 2426 urbes
1101 2359 1257 2440 enarrari,
1286 2378 1366 2441 quas
1400 2361 1466 2426 iam

415 2477 489 2539 ante
523 2492 582 2539 sua
613 2479 758 2556 tempora
794 2475 919 2540 dirutos
954 2491 1022 2539 esse
1056 2471 1171 2538 Strabo
1204 2473 1273 2554 ipse
1307 2489 1332 2537 c.
1356 2472 1393 2552 3,
1424 2474 1466 2538 12

413 2603 445 2665 p.
462 2583 522 2649 831
541 2585 575 2651 (l.
592 2586 740 2651 namarit.
785 2586 937 2652 Videmus
954 2585 1055 2667 igitur
1069 2583 1280 2667 antiquiorem
1304 2589 1466 2650 auctorem

416 2696 595 2762 adhibitum
619 2714 697 2762 esse.

500 2807 672 2874 Praeterea
699 2826 724 2876 c.
755 2809 794 2892 3,
824 2810 865 2875 16
897 2815 975 2874 extr.
1006 2826 1037 2889 p.
1059 2809 1124 2874 834
1146 2805 1180 2873 (l.
1213 2806 1350 2872 occurrit
1381 2806 1466 2871 ratic
1579 2811 1581 2816 ’

416 2920 559 3001 dicendi,
590 2939 671 3002 quae
700 2921 861 2986 simillime
893 2927 943 2987 est
971 2919 1183 3000 Artemidori,
1212 2923 1365 2999 qnantum
1397 2918 1485 3000 qui--

405 3033 486 3097 dem
509 3051 579 3098 eam
603 3051 641 3097 ex
661 3033 726 3098 illis
747 3033 857 3114 paucis
887 3032 980 3114 locis,
1012 3031 1067 3097 nbi
1096 3030 1166 3112 ipsa
1188 3028 1286 3096 verba
1308 3028 1375 3095 eins
1397 3028 1467 3094 lcu-

415 3145 550 3225 dantur,
582 3162 769 3228 cognoscere
803 3145 907 3211 liceat.
958 3144 1037 3208 Dico
1067 3141 1311 3223 descriptionem
1345 3139 1467 3206 insulae

415 3362 623 3455 παραμήκης,
653 3362 673 3456 t,
704 3365 884 3451 Κέρκιννα,
918 3358 1110 3452 εὐμεγέθης,
1145 3360 1262 3444 ἔχουσα
1297 3357 1468 3447 δμαίνυμυν

415 3475 559 3545 πόλιν..
577 3528 591 3544 ..
639 3481 709 3560 Quo
740 3497 811 3544 cum
840 3480 908 3546 loco
938 3478 1153 3559 comparanda
1183 3483 1257 3542 sunt
1293 3476 1372 3542 haec
1404 3475 1468 3540 duo

414 3591 603 3674 fragmenta,
624 3591 664 3657 fr.
682 3591 741 3657 55:
764 3593 822 3678 τῆς
844 3588 881 3655 δὲ
898 3584 1106 3676 Κεφαληνίας
1127 3580 1197 3652 dno
1213 3581 1393 3672 Πανόρμου
1415 3585 1467 3651 λι-

415 3700 514 3787 μένος
536 3700 623 3787 πρὸς
644 3695 803 3789 ἀνατολὴν
825 3697 951 3767 δώδεκα
974 3695 1107 3780 στυίδια,
1136 3695 1232 3788 νῆσός
1254 3695 1325 3764 ἐστι
1343 3690 1467 3785 Ἰθάκη,

417 3811 560 3880 σταδίων
582 3807 777 3900 ὀγδοίμυντα
801 3810 915 3894 πέντε,
946 3809 1041 3901 στενὴ
1068 3809 1125 3877 καὶ
1146 3807 1319 3896 μετέωρος,
1351 3806 1469 3894 λιμένα

416 3921 533 4007 ignoce
554 3922 754 4011 καλούμενον
779 3921 937 4012 Φόρκυνα.
981 3924 1019 3991 fr.
1045 3926 1123 3991 113:
1153 3916 1402 4009 παραλλάξαντα
1432 3919 1469 3987 δὲ

416 4032 533 4125 ταίτην
555 4034 704 4126 αἰγιαλὸς
717 4033 818 4118 ι’ίλλυς
840 4033 1006 4120 ἐκδέχεται
1023 4030 1166 4102 σταδίων
1187 4032 1286 4119 τριῶν
1298 4032 1469 4122 μηνοειδὴς
