3300 5018
634 431 847 495 ...47-

219 603 406 668 temidorum
429 605 580 685 tractare,
603 621 665 684 quo
688 605 767 668 satis
788 608 915 669 constat
937 602 1124 670 Strabonem
1149 602 1269 685 saepis·

219 716 297 780 sime
319 733 410 779 usum
434 733 512 780 esse.

302 828 407 906 Atque
430 827 460 890 in
484 827 734 920 primoquidem
759 827 881 907 capite,
905 826 957 891 uhi
981 829 1021 892 de
1045 827 1178 910 Assyria
1199 827 1267 908 agi·

218 945 279 1018 tur,
302 937 390 1003 nulla
412 937 606 1003 Artemidori
622 937 757 1019 vestigia
771 938 989 1017 inveniuntur3
1013 956 1146 1019 cumque
1169 937 1266 1024 etiem

216 1051 300 1115 inter
321 1049 501 1130 fragmenta
531 1068 691 1130 perpauca
715 1056 837 1113 tontum
862 1050 936 1127 sint,
968 1068 1049 1131 quae
1081 1049 1162 1112 hanc
1184 1055 1267 1112 trac·

217 1169 285 1225 tent
307 1161 482 1242 regionem,
513 1161 749 1224 Artemidorum
781 1159 862 1224 hanc
884 1167 988 1225 terrae
1016 1167 1140 1242 partem
1165 1159 1267 1226 obiter

216 1279 340 1338 tantum
364 1273 507 1354 tetigisse
529 1270 726 1337 crediderim.

302 1386 390 1462 Quae
413 1384 457 1449 sit
479 1382 621 1448 condicio
651 1383 765 1463 eapitis
795 1382 928 1447 alterius
959 1383 998 1446 de
1021 1381 1112 1463 Syria
1142 1399 1267 1463 compo-

216 1497 281 1571 siti,
305 1514 385 1559 nunc
401 1513 599 1578 quaeramus
645 1493 713 1559 Hoc
728 1494 864 1575 primum
881 1501 1017 1575 apparet
1033 1511 1092 1557 uon
1108 1493 1266 1574 periplum

216 1608 374 1688 quendam
404 1606 590 1687 primarium
620 1603 738 1669 lentem
770 1603 885 1684 luisse,
927 1623 997 1670 cum
1032 1605 1204 1686 descriptio
1235 1604 1266 1668 in

215 1718 397 1783 universum
423 1719 551 1781 minime
573 1735 701 1782 cursum
726 1716 830 1781 litoris
856 1725 1019 1795 sequatur,
1041 1716 1096 1778 sed
1119 1722 1152 1780 et
1175 1717 1268 1782 urbes

215 1831 465 1896 mediterraneas
480 1835 514 1894 et
536 1829 566 1893 in
591 1829 683 1893 litore
699 1829 777 1893 sitas
800 1829 884 1892 inter
902 1827 940 1892 'se
957 1828 1071 1892 mixtas
1087 1832 1273 1905 enumeret,

215 1950 253 2006 ut
284 1942 301 2023 ξ
324 1942 345 2005 4
367 1962 398 2023 p.
416 1940 477 2005 749
501 1941 536 2005 C.
559 1939 748 2020 Antiochia,
771 1939 931 2018 Seleucia,
961 1939 1082 2019 Pieria,
1116 1940 1267 2019 Apamea,

216 2053 391 2133 Laodicea,
422 2053 484 2134 §5
513 2071 544 2132 p.
561 2051 624 2118 750
646 2050 679 2115 C.
712 2050 844 2131 Daphne
868 2058 1160 2116 commemorantur.
1205 2049 1265 2130 §7

215 2185 248 2246 p.
265 2165 325 2230 751
350 2163 383 2229 (l.
406 2163 531 2228 urbium
554 2148 751 2242 Euphratem
774 2181 884 2228 versus
906 2162 1040 2227 sitarum
1068 2161 1186 2226 mentio
1208 2166 1267 2242 est,

215 2276 401 2358 Bambyees,
425 2276 573 2353 Beroeae,
596 2273 776 2340 Heracleae.
823 2273 883 2338 Sed
900 2275 1010 2355 paucis
1033 2273 1108 2338 locis
1131 2271 1267 2337 fortasse

215 2387 332 2470 peripli
356 2385 492 2468 vestigia
513 2385 625 2451 relicta
648 2391 730 2450 sunt.
774 2385 907 2468 Legitur
928 2386 946 2466 ξ
963 2385 983 2449 8
1005 2403 1036 2465 p.
1054 2385 1114 2451 751
1133 2384 1166 2450 (l.
1184 2381 1269 2470 πρὸς

214 2493 369 2586 θαλάττῃ
399 2494 435 2561 δὲ
464 2491 587 2562 τούτων
626 2493 715 2560 ἐστίν
744 2489 764 2581 r‘y
797 2490 966 2560 Σελεύκεια
995 2494 1052 2560 καί
1083 2491 1103 2582 ἡ
1135 2491 1267 2583 Πιερία,

216 2605 294 2697 δρας
326 2606 453 2689 συνεχὲς
484 2609 531 2695 τῷ
550 2601 699 2694 Ἀμανῷ,
731 2605 787 2671 καί
808 2602 978 2694 ἣῬωσός,
1011 2605 1134 2690 μεταξὺ
1159 2600 1266 2672 Ἰασοῦ

215 2720 274 2786 καὶ
298 2717 485 2797 Σελευκείας
514 2715 679 2806 ἱδρυμένη,
711 2727 744 2785 et
774 2720 864 2785 initio
887 2721 1049 2802 sequentis
1071 2721 1265 2802 paragraphi

216 2854 248 2916 p.
266 2835 326 2899 751
352 2834 386 2899 C.
415 2822 498 2896 Εἶτα
532 2827 736 2910 Λαοδίκεια,
771 2827 830 2895 ε’πί
857 2833 896 2918 τῇ
926 2825 1078 2918 θαλάττῃ
1107 2827 1266 2895 κάλλιστα

218 2940 390 3028 ἐκτισμένη
405 2941 460 3008 καί
482 2936 648 3026 εὐλίμενος
660 2938 768 3019 πόλις.
802 2944 924 3022 Quibus
938 2944 1095 3009 deverbis
1117 2942 1266 3009 nonnulla

217 3057 352 3121 dicenda
374 3063 457 3121 sunt.
501 3055 643 3120 Primum
676 3053 762 3119 nulla
793 3053 859 3120 fere
882 3073 978 3119 causa
1007 3060 1113 3137 potest
1143 3055 1268 3135 excogi-

218 3169 291 3250 tari,
313 3188 369 3234 eur
384 3167 500 3234 Strabo
518 3166 701 3245 Seleuciam,
723 3166 871 3246 Pieriam,
893 3167 1034 3232 Rhesum
1058 3166 1169 3231 ordine
1191 3185 1267 3230 enu-

218 3288 334 3362 meret,
363 3279 417 3360 qui
449 3280 541 3361 plane
563 3280 717 3344 adversus
739 3286 788 3343 est
811 3279 855 3359 ei,
885 3295 977 3358 quem
1000 3278 1031 3342 in
1054 3278 1268 3359 percurrenda

219 3390 375 3456 Phoenice
412 3390 621 3472 persequitur.
678 3389 799 3454 Deinde
836 3409 905 3454 cum
941 3388 1001 3454 hac
1034 3390 1267 3454 enumeratione

218 3502 380 3568 conciliari
404 3504 455 3566 vix
479 3508 585 3584 potest
601 3521 648 3579 ea,
671 3518 751 3581 quae
775 3501 850 3583 §12
873 3520 902 3581 p.
919 3501 981 3567 753
997 3499 1030 3565 0.
1054 3502 1164 3565 datur:
1189 3496 1206 3565 ὃ
1232 3498 1268 3564 δὲ

221 3608 419 3697 παράπλους
441 3608 458 3678 ὁ
482 3609 601 3688 λοιπὸς
622 3605 693 3676 άπὸ
715 3611 771 3698 τῆς
787 3607 992 3689 Λαοδικείας
1015 3608 1087 3676 ἐστὶ
1102 3614 1265 3687 τοιοῦτος·

219 3723 257 3811 τῇ
278 3723 339 3810 γάρ
364 3713 551 3810 Λαοδικείᾳ
575 3718 749 3808 πλησιάζει
773 3718 945 3801 πολίχνια,
969 3718 1065 3786 τότε
1088 3718 1266 3788 Ποσείδιον

219 3835 274 3901 καί
302 3833 340 3901 τὸ
356 3831 548 3923 Ἡράκλειον
570 3833 627 3899 καὶ
655 3832 697 3899 τά
719 3829 862 3917 Γάβαλα.
906 3833 967 3911 Qui
999 3834 1086 3900 loeus
1114 3835 1267 3915 omnibuS,

219 3949 272 4030 qui
295 3968 366 4014 enm
389 3947 524 4029 legerint
555 3947 806 4028 contulerimque
829 3965 898 4011 curn
929 3947 947 4027 ξ
971 3946 990 4010 8
1015 3965 1044 4026 p.
1060 3946 1121 4011 751
1146 3948 1179 4012 C.
1203 3967 1267 4012 me·

220 4061 305 4128 vehit
327 4059 502 4142 scrupulos,
548 4058 617 4136 Quo
640 4060 733 4125 modo
756 4057 871 4124 Strabo
901 4077 1032 4124 narrare
1054 4063 1160 4143 potest
1184 4059 1268 4128 resi·
