3292 5006
610 443 822 512 -63,

192 635 261 681 cum
293 617 448 684 Kramero
478 611 639 703 γνώριμον
667 615 723 705 τὴν
753 612 827 704 ἑξῆς
860 611 1035 702 παραλίαν.
1090 618 1240 683 Fortasse

192 736 297 794 autem
322 729 400 793 haec
422 727 519 793 verba
542 729 635 810 piane
666 729 730 793 aliu
751 729 993 796 ratiocinatione
1016 730 1138 794 servari
1168 747 1240 810 pos·

192 847 274 904 sunt.
318 839 445 904 Etenim
463 840 481 921 ἓ
499 840 538 904 15
560 858 590 920 p.
607 839 670 922 774
686 839 719 905 O.
736 841 767 904 in
791 839 902 921 primis
923 841 1032 906 verbis
1053 839 1120 905 fore
1135 840 1241 904 omnio

192 970 227 1014 ea
251 951 377 1014 nomina
401 951 552 1030 redeunt,
582 969 662 1032 quoe
685 957 780 1016 antea
803 957 988 1018 enumerata
1011 957 1093 1017 sunt.
1140 953 1158 1033 ξ
1183 950 1240 1015 15:

194 1060 308 1144 στὶλαι
329 1057 385 1124 καὶ
406 1057 514 1145 βωμοί
537 1057 716 1126 Πνίλτλαίοι·
745 1060 801 1127 καὶ
824 1058 916 1140 Λίχα
946 1060 1001 1126 καὶ
1024 1059 1241 1146 Πνθαγγέλαν

192 1170 246 1236 καί
261 1169 413 1249 Λέοντος
433 1169 488 1236 καὶ
510 1167 722 1259 Χαρτμόρτον
734 1223 740 1238 .
753 1223 760 1238 .
772 1223 799 1237 ..
822 1173 841 1256 ξ
859 1173 899 1237 14
920 1173 999 1238 hoec
1022 1174 1240 1238 inveniuntur:

197 1278 372 1347 Πυθαλαίατ·
388 1275 597 1371 ἀκρωτήριον,
620 1279 639 1370 ἡ
655 1281 747 1363 Λίχα
761 1280 850 1371 θήρα
865 1286 928 1347 τῶν
950 1279 1145 1369 ἐλεφάντων,
1170 1281 1241 1350 Λέ-

194 1415 284 1470 οντος
315 1390 437 1480 σκοπή,
468 1391 683 1479 Πυθαγγέλαυ
715 1391 820 1482 λιμίφν.
865 1397 1001 1461 Tantum
1026 1391 1239 1482 Χαριμόρτον

191 1501 299 1588 βωμοί
312 1525 371 1570 non
388 1513 612 1571 memorantur.
646 1507 710 1572 Nec
733 1514 839 1573 tamen
854 1515 1024 1588 praeterea
1036 1507 1130 1588 plane
1154 1509 1238 1571 idern

192 1618 334 1697 tradunt,
357 1637 428 1682 nam
444 1619 463 1700 ξ
482 1617 521 1681 14
538 1618 651 1683 Leonis
666 1617 796 1700 speculo
813 1625 888 1684 ante
906 1617 1096 1701 Pythangeli
1111 1624 1238 1698 portum

193 1730 335 1809 ponitur,
366 1747 436 1793 cum
467 1729 485 1810 ξ
511 1708 550 1793 lb
573 1731 731 1793 contrario
754 1729 864 1794 ordine
887 1729 1001 1794 Leonis
1033 1728 1162 1810 specula
1192 1748 1242 1793 se-

194 1846 309 1920 quatur
332 1839 532 1922 Pythangeli„

278 1950 401 2027 Quibus
423 1951 517 2016 rebus
539 1951 673 2027 indicari
708 1951 785 2016 mibi
808 1951 934 2034 quidem
959 1953 1086 2018 videtur
1108 1953 1241 2016 eandem

194 2063 349 2144 regionem
373 2062 423 2128 bis
446 2063 582 2128 describi
599 2071 695 2146 atque
718 2082 756 2126 ex
779 2063 913 2129 diversis
928 2063 1079 2144 sontibus
1102 2065 1240 2146 primum

194 2177 212 2254 ξ
237 2175 275 2239 14
298 2194 329 2256 p.
346 2175 408 2240 773
433 2175 466 2241 0.
490 2176 563 2240 iude
594 2175 650 2240 ab:
682 2166 750 2239 ἀπὸ
781 2172 818 2238 δὲ
848 2177 904 2261 τῆς
927 2174 1045 2262 Δενρῆς
1076 2170 1094 2261 ἦ
1125 2172 1242 2261 ἐφεξῆς

195 2281 282 2348 ἐστιν
313 2278 574 2372 ἆρωματοφόρος
612 2305 711 2368 usque
749 2287 791 2350 ad
824 2285 934 2366 finem,
976 2287 1090 2352 deinde
1124 2286 1239 2367 vorbis,

195 2397 370 2478 dequibus
393 2417 474 2463 nunc
503 2416 606 2463 sermo
629 2406 685 2463 est.
731 2398 812 2463 Utro
843 2417 917 2479 pars
941 2399 1161 2464 Artemidorea
1183 2397 1242 2462 ba·

195 2509 295 2572 benda
319 2510 378 2591 sit,
408 2529 445 2575 ex
468 2511 568 2591 ipsius
591 2508 756 2574 Strabonis
778 2510 882 2574 verbis
904 2510 1015 2588 elucet,
1047 2508 1164 2592 quippe
1188 2510 1242 2592 qui

195 2621 280 2686 (licut
310 2621 479 2702 postremis
516 2621 600 2704 §14
630 2641 660 2703 p.
685 2622 748 2686 774
770 2621 804 2686 C.
835 2622 957 2687 verbis:
989 2617 1175 2707 Καμψαντι
1205 2619 1243 2685 δὲ

194 2732 289 2796 τοῦτο
312 2727 357 2810 ὡς
386 2712 669 2819 ἑπίμεσημβρίαν
691 2725 814 2813 οίνλέτι,
847 2728 988 2819 φησίν,
1011 2727 1126 2816 ἔχομεν
1148 2730 1241 2816 λιμέ-

194 2866 254 2905 νων
277 2835 478 2930 ἀναγραφάς.
522 2845 592 2923 Qua
615 2865 653 2908 rx
676 2845 798 2910 ratione
820 2845 945 2911 dicendi
970 2845 1183 2926 consequitur,
1206 2849 1242 2909 ut

193 2955 278 3034 prior
301 2955 473 3037 descriptio
496 2957 537 3020 ad
561 2955 797 3020 Artemidorum
821 2957 941 3021 redeat.

277 3067 347 3132 Hoc
368 3076 455 3134 certe
477 3067 545 3132 loco
568 3067 707 3132 dubitari
731 3084 790 3130 non
814 3066 903 3146 iicet,
932 3071 1038 3132 utrum
1063 3066 1178 3132 Strabo
1201 3085 1240 3132 an

194 3179 415 3244 Artemidoms
437 3179 679 3261 descriptionem
703 3177 962 3260 amplificaverit,
991 3179 1093 3246 immo.
1110 3186 1242 3261 apparet

195 3289 381 3356 Strabonem
405 3291 465 3358 boc
486 3291 608 3356 fecisse.
664 3292 753 3370 Quod
778 3291 805 3354 si
828 3290 1028 3356 concedimus
1058 3290 1154 3366 etiam
1186 3290 1241 3355 ilia

194 3402 355 3483 quaestio,
385 3422 479 3485 quam
510 3403 606 3484 paulo
637 3409 711 3466 unte
741 3403 785 3484 (p.
802 3402 858 3484 62)
882 3401 1055 3483 interrupi,
1086 3403 1129 3465 ad
1158 3401 1241 3466 bunc

194 3513 310 3577 exitum
335 3516 490 3596 perducta
519 3521 585 3594 est,
608 3520 644 3576 nt
676 3513 781 3577 omnin
809 3513 888 3577 baec
909 3513 1130 3577 additamenta
1153 3512 1242 3577 Stra-

195 3623 263 3689 boni
296 3626 491 3707 imputemus
518 3633 550 3690 et
582 3645 620 3690 er
652 3617 874 3690 Artemidoreu
902 3632 994 3705 parte
1025 3623 1139 3705 capitis
1162 3624 1241 3689 baec

195 3753 410 3803 secernamus:
439 3739 457 3819 ἓ
481 3739 501 3802 9
530 3757 560 3819 p.
584 3738 644 3802 771
670 3737 703 3803 O.
733 3732 816 3820 μετὰ
845 3733 881 3799 δὲ
911 3733 967 3822 τὴν
993 3728 1119 3799 Ἐλαίαν
1150 3736 1189 3797 ud
1222 3728 1237 3796 ί

194 3843 280 3935 χώρα
310 3844 478 3933 Καρακίαυ
507 3850 574 3914 sire
604 3840 792 3932 ἀνθρώπων
822 3842 972 3912 κατοικία
1004 3847 1049 3928 (p.
1066 3847 1140 3930 66),
1173 3854 1241 3912 tum

196 3959 275 4042 μετὰ
306 3958 343 4025 δὲ
375 3959 450 4038 τούς
472 3955 627 4036 Κόνωνος
648 3955 779 4044 βωμούς
809 3960 848 4023 ad
873 3955 1114 4042 ἑκτετμημέναι.
1159 3959 1242 4040 §10

197 4091 225 4155 p.
241 4073 300 4138 771
316 4071 368 4139 fin.
387 4073 428 4138 C:
450 4075 497 4160 τῷ
519 4064 552 4135 d'
574 4064 765 4159 Ἀντιφίλου
780 4067 885 4157 λιμένι
908 4065 982 4159 ἑξῆς
997 4071 1036 4134 ad
1060 4067 1107 4158 τῷ
1125 4065 1242 4158 φρέατι
