3300 5018
636 465 848 532 ..41-

304 640 390 704 Bene
413 637 570 704 consentit
592 658 662 705 cum
687 645 793 706 nostra
815 640 970 722 opinione,
993 641 1087 722 quod,
1110 658 1192 721 quae
1214 636 1232 723 ἓ
1251 640 1271 706 3

220 769 249 833 p.
267 751 329 816 142
347 750 380 816 O.
404 750 502 832 spatii
524 751 607 816 inter
630 752 739 816 Baetis
761 753 877 817 ostium
900 758 933 817 et
955 752 1135 817 Cordubam
1157 757 1271 834 paten-

221 864 262 928 tis
285 881 432 926 mensura
454 862 603 942 traditur,
626 882 663 928 ea
679 865 798 944 optime
820 862 983 930 conciliari
1006 868 1112 944 potest
1130 880 1199 926 cum
1216 863 1234 944 ξ
1253 866 1269 928 1

219 993 250 1056 p.
267 975 330 1040 140
353 974 386 1040 C.
448 975 534 1039 Dicit
562 975 645 1039 enirn
675 973 789 1041 Strabo
819 975 1085 1058 §adornatam
1118 974 1159 1038 ab
1189 975 1271 1039 ostio

221 1085 328 1150 Baetis
360 1086 442 1150 1200
463 1092 503 1151 st.
533 1085 660 1167 abesse,
691 1104 762 1152 cum
793 1088 812 1168 ξ
838 1090 852 1151 1
886 1086 1037 1152 Baeticae
1067 1085 1270 1150 latItudinem

220 1195 305 1262 2000
326 1202 367 1261 st.
389 1196 546 1262 exhibeat.
591 1198 653 1276 Qui
676 1215 845 1264 consensus
875 1197 993 1262 idcirco
1026 1215 1173 1278 magnam
1206 1196 1270 1259 vim

220 1315 316 1389 atque
339 1309 563 1376 auctoritatem
593 1308 691 1374 habet
723 1311 762 1374 ad
787 1310 830 1389 id,
860 1310 943 1392 qnod
966 1309 1067 1391 posui,
1100 1307 1271 1372 defenden-

220 1421 306 1502 dum,
329 1420 404 1502 qnia
419 1425 451 1484 et
473 1419 546 1485 Itin.
564 1421 636 1484 Ant.
653 1421 716 1487 409
732 1427 765 1486 et
779 1422 819 1486 It.
837 1422 919 1502 Aqu.
935 1423 995 1502 hp,
1011 1417 1270 1502 (clemensero)

220 1547 422 1613 intervallum
439 1547 539 1613 multo
558 1549 670 1630 mains,
693 1550 937 1616 CCLXXXXIV
960 1557 992 1614 et
1015 1534 1271 1629 dhhxiixi'ip„

219 1659 303 1724 inter
327 1660 506 1726 Cordubam
530 1666 562 1725 et
584 1659 723 1726 fluminis
745 1663 780 1726 os
801 1661 956 1728 interesse
977 1652 1142 1743 praebent.

306 1771 372 1835 Iam
397 1789 472 1836 vero
489 1773 795 1837 commemorandum
812 1779 862 1837 est
883 1771 1095 1856 fragmentum
1110 1771 1271 1838 Posidonii

221 1883 321 1964 (apud
345 1882 449 1947 Strab.
472 1883 530 1948 III.
553 1884 583 1964 5,
607 1886 626 1948 9
649 1905 679 1967 p.
697 1885 758 1951 175
781 1884 814 1950 O.
842 1884 1029 1968 servatum),
1051 1885 1135 1965 quod
1158 1882 1270 1964 Ilipam
1311 1921 1315 1928 ·

221 1994 283 2058 700
305 2000 345 2058 st.
367 2013 386 2058 a
409 1995 489 2058 mari
511 1994 623 2060 abesse
645 2001 769 2076 narrat,
800 1997 978 2061 consentire
1001 2015 1071 2061 cum
1095 1995 1191 2059 huius
1213 2014 1271 2075 pa·

220 2086 374 2187 ragraphi
397 2125 554 2189 mensura,
587 2107 758 2182 secundum
789 2126 884 2189 quarn
907 2106 1049 2188 Hispalis
1081 2108 1121 2171 ad
1145 2107 1208 2173 500
1231 2113 1270 2170 st.

218 2237 238 2281 a
262 2215 350 2280 fluvii
372 2218 454 2282 osti0
476 2226 598 2283 remota
620 2225 677 2284 est.

308 2327 521 2407 Quibuscum
543 2329 756 2411 paragraphis
784 2335 852 2394 arte
882 2330 1030 2395 cohaeret
1060 2331 1078 2412 ξ
1101 2330 1122 2394 5
1143 2350 1174 2412 p.
1200 2331 1271 2411 143,

221 2441 285 2506 144
307 2441 340 2506 C.
364 2458 457 2521 qnam
490 2447 524 2506 et
551 2440 590 2506 ob
622 2441 653 2504 id
681 2441 787 2522 ipsum
810 2446 843 2507 et
873 2442 976 2523 qnod,
1010 2448 1047 2506 ut
1079 2443 1142 2507 iam
1175 2459 1272 2522 snpra

219 2556 266 2635 (p.
283 2545 340 2633 39)
364 2553 439 2633 dixi,
470 2553 509 2616 dc
533 2572 595 2616 una
618 2571 653 2616 re
675 2555 840 2632 consentit,
870 2572 940 2619 cnm
965 2572 991 2618 c.
1015 2556 1044 2632 1,
1065 2553 1085 2617 9
1108 2573 1138 2633 p.
1154 2553 1216 2617 140
1238 2553 1271 2618 C.

219 2683 257 2728 ex
280 2666 389 2728 eodem
413 2662 500 2728 tonte
522 2665 708 2729 demanasse
730 2683 917 2745 persuasum
940 2664 1018 2729 mihi
1041 2670 1099 2729 est.
1144 2664 1203 2730 Oui
1226 2663 1275 2727 roi

221 2775 348 2840 minime
371 2775 494 2850 obstat,
526 2776 610 2856 quod
638 2776 670 2840 in
701 2781 842 2841 extranta
864 2776 1065 2858 paragrapho
1086 2774 1273 2841 Posidonius

220 2887 381 2968 laudatur,
403 2905 475 2952 cum
497 2887 625 2969 saepius
648 2887 783 2966 accidat,
806 2893 842 2951 ut
865 2887 980 2954 Strabo
1003 2906 1074 2952 eum
1097 2894 1271 2963 auctorem,

220 3016 313 3078 quem
333 2999 486 3079 seqnitur,
508 3005 576 3063 turn
600 3000 726 3063 demum
743 2998 927 3064 nominatim
951 2999 1079 3077 indicet,
1101 3003 1270 3079 postquam
1369 2985 1372 2991 ’

222 3110 284 3174 iam
318 3109 420 3173 multa
453 3109 492 3175 ab
525 3130 562 3174 eo
595 3110 802 3191 deprompsit.
858 3110 947 3186 Quae
979 3129 1030 3176 res
1062 3109 1157 3191 paulo
1190 3106 1273 3172 inira

221 3219 363 3303 exemplo
385 3221 561 3287 certissimo
583 3221 840 3316 comprobabitur
854 3221 892 3304 1).

307 3333 404 3398 Cuius
426 3339 532 3398 autem
555 3333 694 3398 auctoris
717 3333 799 3410 sint,
829 3351 910 3413 quae
932 3340 1126 3414 sequnntur,
1147 3331 1271 3396 facilius

222 3445 415 3526 reperiemus
436 3445 528 3509 initio
550 3443 635 3510 iacto
666 3444 706 3508 ab
729 3445 747 3526 ξ
772 3444 789 3508 7
813 3464 843 3525 p.
868 3443 929 3509 145
952 3444 996 3525 0.,
1020 3462 1090 3509 cum
1112 3443 1156 3508 ibi
1179 3443 1273 3526 Poly-

222 3556 291 3622 bius
315 3576 375 3621 non
398 3555 498 3621 solum
522 3556 687 3634 laudetur,
721 3557 776 3621 sed
800 3556 897 3620 etiam
920 3554 1054 3620 aiteram
1076 3555 1272 3637 paragraphi

224 3697 339 3704 Μ-
346 3696 425 3702 ‘-

312 3773 340 3850 1)
363 3775 415 3833 cfr.
432 3779 586 3852 praeterea
601 3775 636 3832 R.
651 3773 869 3832 Zimmermann
886 3763 1080 3830 ‘Posidonius
1102 3792 1131 3832 u.
1147 3769 1271 3830 Strabo¹.

225 3860 350 3920 Hermae
374 3859 430 3918 vol.
454 3860 576 3918 XXIII.
600 3864 715 3935 p.l25.
762 3859 844 3923 Quae
874 3858 933 3916 alia
961 3858 992 3917 Z.
1016 3859 1046 3915 in
1079 3859 1133 3917 bac
1165 3858 1272 3917 disser-

223 3948 335 4005 tatione
363 3946 399 4004 de
421 3946 494 4005 iocis
525 3965 611 4003 ame
640 3945 775 4003 tractatis
798 3943 954 4016 disseruit,
983 3963 1018 4001 aa
1040 3944 1188 4021 respicere
1211 3964 1271 4002 non

224 4033 315 4106 potui,
338 4051 404 4091 cnm
427 4032 600 4110 quaestione
622 4050 687 4089 mea
709 4031 767 4089 iam
789 4031 925 4089 absoluta
955 4029 1066 4108 publici
1097 4029 1171 4088 iuris
1193 4031 1271 4089 facta

225 4123 329 4178 assent
