3292 5006
713 562 720 577 ’
782 489 924 614 Vita.
1075 649 1076 654 Ἰ

415 744 499 825 Ego,
522 744 717 810 Gualtherns
740 744 871 810 Carolus
894 745 1077 811 Theodorus
1099 745 1380 827 Ruge,·1)resdae

330 861 519 934 natussum,
542 856 624 920 alter
638 855 778 921 familiae
793 855 888 936 filius,
911 857 1060 924 vicesimo
1077 858 1173 923 tertio
1196 856 1248 922 die
1264 857 1381 921 mensis
1503 851 1506 859 ⁴

329 967 450 1048 Aprilis
473 968 556 1033 1865
587 973 679 1049 patre
703 967 825 1048 Sopho,
858 974 960 1033 matre
984 971 1075 1034 Anna
1106 988 1124 1033 e
1154 973 1249 1050 gente
1271 968 1380 1035 Basse.

329 1079 441 1144 Fidem
473 1076 624 1160 profiteor
652 1078 877 1160 euangelicam.
920 1065 1096 1145 Elementis
1118 1080 1299 1147 litterarum
1322 1082 1380 1146 im·

328 1189 426 1254 butus
462 1208 542 1271 puer
580 1208 692 1255 novem
727 1207 880 1256 annorum
919 1191 950 1255 in
992 1191 1176 1257 societatem
1215 1192 1381 1274 gymnasii,

330 1302 412 1383 qnod
436 1302 549 1366 estad
572 1302 684 1367 aedem
706 1307 837 1367 sanctae
859 1303 971 1383 crucis,
994 1309 1143 1385 receptus
1165 1321 1245 1369 snm.
1289 1303 1381 1368 Post-

330 1430 426 1493 quam
441 1431 523 1478 anno
548 1413 630 1478 1883
647 1412 789 1477 examine
805 1419 954 1495 snperato
971 1413 1114 1480 Dresdae
1136 1395 1277 1506 tirocinii
1293 1415 1379 1480 rudi·

330 1529 438 1588 menta
459 1523 608 1605 deposui,
639 1524 803 1605 Tubingae
825 1524 949 1589 scholas
971 1523 1096 1590 Alfrcdi
1119 1526 1159 1590 de
1183 1525 1381 1607 Gutschmid,

331 1634 498 1717 Herzogii,
524 1635 658 1714 nonan,
687 1635 814 1718 notan,
838 1634 1012 1715 schanan,
1044 1635 1204 1717 Signanti
1235 1634 1382 1719 frequen-

331 1747 398 1811 tavi
423 1752 456 1811 et
483 1765 540 1827 per
563 1747 625 1811 dno
648 1747 815 1812 semestris
837 1747 956 1812 sodalis
977 1745 1023 1812 fui
1047 1748 1209 1813 seminarii
1239 1747 1382 1813 historici
1460 1734 1464 1742 ’

331 1858 477 1939 praeside
508 1858 739 1923 Gutschmidio.
794 1858 938 1940 Tubinga
967 1858 1079 1923 relicta
1101 1857 1229 1941 Lipsiae
1258 1859 1332 1922 inde
1363 1877 1383 1921 a

331 1988 405 2036 vere
433 1970 508 2035 anni
539 1969 622 2035 1885
653 1969 767 2034 scholis
800 1969 931 2035 interfui
954 1971 1073 2054 Lipsii,
1097 1969 1384 2050 Maurenbrecheri,

332 2083 368 2146 Il.
393 2080 523 2165 Meyeri,
545 2080 694 2162 Rataelii,
716 2080 891 2160 Ribbeckii,
913 2081 1066 2162 Richteri,
1088 2081 1249 2161 Roscheri,
1274 2080 1382 2162 Sprin-

331 2194 408 2276 geri,
438 2193 569 2274 Voigtii,
601 2191 850 2269 Wachsmuthii,
873 2193 1026 2258 Wundtii.
1069 2192 1242 2259 Praeterea
1263 2191 1382 2273 sodalis

330 2303 378 2369 fui
400 2304 562 2369 seminarii
595 2303 738 2368 historici
767 2303 970 2385 praesidibus
1001 2304 1154 2382 Arndtio,
1176 2302 1383 2368 Maurcnbre·

332 2415 442 2496 chero,
464 2415 609 2496 Meyero,
632 2414 849 2496 proseminarii
872 2415 1025 2498 philologi
1048 2413 1249 2497 praesidibus
1271 2413 1382 2479 Crusio

332 2533 365 2592 et
387 2525 543 2604 Hirzelio,
573 2544 630 2606 per
652 2530 702 2589 ter
724 2543 779 2590 sex
800 2543 924 2591 menses
947 2526 1126 2592 ordinarius
1148 2526 1267 2591 sodalis
1289 2525 1382 2590 semi·

332 2638 414 2703 narii
447 2637 616 2719 philologi,
652 2637 735 2718 quod
770 2637 1017 2704 moderabantur
1050 2638 1196 2720 Lipsius,
1228 2637 1382 2716 Ribbeck,

333 2747 560 2830 Wachsmuth,
590 2753 622 2812 et
644 2765 725 2811 nunc
747 2751 872 2828 duoque
900 2749 1053 2814 intersum
1076 2749 1244 2814 seminario
1266 2750 1383 2830 paeda-

333 2861 444 2942 gogieo
478 2866 607 2941 regente
638 2859 801 2924 Richtero.
857 2859 925 2924 Iam
958 2879 1033 2925 vero
1067 2866 1216 2942 receptus
1248 2878 1317 2925 sum
1350 2859 1382 2923 in

333 2973 517 3038 societatem
551 2970 762 3051 antiquarium
796 2970 1030 3036 Wachsmnthii
1066 2978 1100 3037 ct
1133 2972 1163 3036 in
1197 2971 1382 3037 societatem

333 3081 527 3164 philologam
552 3082 725 3149 Ribbeckii.

420 3195 505 3272 Quos
538 3212 645 3259 omnes
679 3193 761 3258 viros
798 3193 1016 3271 doctissimae,
1052 3193 1240 3276 praesertim
1277 3197 1383 3258 autem

334 3305 600 3385 Gutsehmidium,
623 3324 716 3387 quem
739 3303 837 3371 fiebili
860 3310 961 3369 morte
984 3305 1074 3370 nobis
1091 3311 1238 3387 ereptum
1260 3323 1385 3386 semper

334 3419 485 3483 memoria
506 3425 539 3483 et
561 3418 666 3498 gratia
687 3435 875 3499 persequar,
905 3436 975 3482 cum
998 3436 1049 3482 me
1070 3418 1113 3483 ad
1134 3417 1260 3482 litteras
1282 3414 1384 3497 philo·

333 3529 422 3610 logas
458 3529 661 3594 accedentem
697 3529 838 3593 consiliis
874 3529 941 3593 suis
977 3530 1096 3610 optime
1133 3527 1309 3607 adiuverit,
1351 3543 1385 3592 ct

334 3640 624 3721 Wachsmuthium,
661 3641 714 3720 qui
748 3640 960 3722 geographica
997 3640 1105 3704 studia
1141 3659 1213 3704 mea
1249 3638 1385 3703 maxime

334 3751 424 3833 fovit,
443 3758 539 3835 grato
561 3753 666 3816 animo
688 3757 721 3816 et
742 3751 864 3833 pietate
886 3770 1012 3834 semper
1034 3751 1143 3818 colam.

687 4127 755 4173 Janaa,
768 4128 821 4174 typis
834 4128 857 4166 ll.
872 4128 942 4171 Pohle.
956 4150 981 4156 -
994 4127 1033 4170 464
