3300 5018
814 393 1022 460 ..40-

393 567 431 648 §§
456 566 699 648 1-5p1rmum
722 564 889 629 haeremus
920 564 951 627 in
982 562 1043 627 fine
1066 565 1084 645 ξ
1111 565 1143 638 1,
1176 581 1237 644 quo
1260 561 1338 642 ipsu,
1369 578 1439 625 cum

393 677 535 759 Hispalis
557 675 678 741 colonia
691 675 902 740 Romanorum
916 675 1061 741 Caesaris
1085 672 1279 755 temporibus
1301 673 1440 736 deducta

391 788 435 852 sit
450 789 486 868 ¹),
503 797 614 852 auctor
628 785 795 852 Posidonio
814 786 968 851 recentior
984 786 1152 851 indicatur.
1197 785 1298 864 Qu'arn
1316 784 1438 848 adrem

393 899 510 978 optime
534 899 681 979 quadrat,
705 898 787 978 quud
812 897 918 976 verba,
941 916 1022 978 quae
1045 896 1126 961 hanc
1141 895 1284 978 Hispalis
1308 894 1439 958 mentio·

391 1025 472 1074 nem'
492 1010 653 1090 excipiunt
675 1005 756 1090 (νυνί
779 1005 939 1089 δὲ....),
971 1009 1190 1072 demonstrant
1212 1013 1339 1072 auctam
1371 1022 1439 1069 esse

391 1120 550 1185 Posidonii
575 1120 818 1202 descriptionem
842 1119 935 1184 rebus
958 1105 1085 1185 aliunde
1108 1117 1240 1183 haustis.
1406 1103 1407 1108 ί

478 1231 599 1296 Eadem
621 1232 662 1295 de
685 1249 781 1296 rausa
796 1230 899 1295 aliena
922 1231 1124 1296 aPosidonio
1146 1230 1210 1295 sint
1232 1246 1358 1293 necesse
1380 1232 1440 1302 est,

392 1362 473 1426 quae
496 1345 514 1426 ξ
538 1344 557 1407 2
580 1351 769 1424 narrantur,
800 1361 870 1407 cunr
894 1342 938 1407 ibi
971 1360 1019 1406 rus
1041 1347 1113 1422 post.
1135 1343 1202 1407 eius
1224 1346 1362 1406 aetatem
1385 1356 1439 1419 ge·

392 1467 461 1518 stau
490 1462 703 1520 metuerentur
734 1475 788 1521 uec
818 1454 990 1537 quidquam
1021 1453 1217 1530 inveniatur,
1253 1450 1336 1533 quod
1368 1467 1440 1514 con·

392 1566 494 1647 spiret
516 1585 586 1632 cum
615 1585 640 1632 c.
665 1566 800 1647 1,6-9
824 1585 853 1647 p.
880 1565 950 1646 139,
976 1565 1037 1631 140
1058 1564 1092 1629 C.
1116 1563 1241 1628 Nullius
1269 1561 1350 1626 cuim
1374 1578 1440 1623 mu-

392 1678 490 1742 menti
513 1684 572 1755 est,
594 1678 677 1758 quod
694 1679 774 1742 Asta
791 1683 966 1755 enarratur,
988 1696 1114 1742 cumea
1137 1674 1263 1752 montio,
1286 1691 1367 1756 quae
1390 1670 1439 1752 §5

359 1790 363 1798 '
391 1808 422 1869 p.
448 1788 507 1853 143
531 1788 564 1853 C.
596 1788 688 1852 obvia
719 1796 785 1864 est,
824 1787 923 1851 multo
956 1786 1066 1853 melius
1097 1804 1191 1869 quum
1222 1803 1303 1866 quae
1334 1788 1440 1847 nostro

392 1898 460 1963 loco
482 1898 599 1978 legitur
622 1917 691 1962 curn
716 1916 740 1962 c.
759 1899 786 1976 l,
802 1899 821 1962 9
838 1917 867 1977 p.
888 1898 948 1962 140
962 1897 996 1963 (l.
1020 1898 1196 1979 comparari
1217 1896 1328 1977 possit.

477 1997 682 2074 Secernamus
706 2008 804 2090 igitur
827 2018 859 2074 et
882 2009 1026 2074 ultimam
1051 2017 1174 2089 partem
1198 2009 1216 2089 ξ]
1240 2009 1256 2072 1
1280 2027 1310 2088 p.
1328 2007 1387 2070 141
1406 2003 1441 2069 C.

391 2120 465 2185 iude
487 2121 526 2185 ab
550 2117 605 2184 καὶ
627 2113 706 2207 αὐτὴ
728 2113 868 2196 άτιοικος
884 2114 1050 2204 Ῥωμαίων
1080 2127 1112 2184 et
1141 2121 1159 2202 §
1182 2121 1202 2184 2
1224 2140 1254 2201 p.
1280 2118 1339 2183 141
1364 2116 1397 2182 G.
1421 2135 1440 2180 a

393 2231 571 2297 Posidonio.
604 2231 640 2294 In
655 2231 867 2312 paragraphis
882 2236 987 2296 autem
1004 2233 1024 2297 3
1040 2239 1072 2296 et
1086 2234 1108 2298 4
1123 2251 1153 2312 p.
1172 2231 1242 2311 142,
1257 2231 1317 2294 143
1333 2229 1365 2294 C.
1380 2245 1439 2291 non

393 2343 484 2407 modo
497 2362 555 2406 non
573 2341 784 2422 inveniuntur,
802 2362 883 2425 quae
899 2350 1007 2409 contra
1019 2342 1222 2408 Posidonium
1239 2341 1367 2420 faciunt,
1383 2340 1440 2403 scd

393 2454 499 2534 etiam,
521 2470 683 2536 quousque
705 2450 834 2518 flumina
858 2455 1000 2536 navigari
1023 2454 1161 2536 possint,
1184 2455 1294 2518 eadem
1317 2451 1440 2516 ratione

392 2565 584 2645 explicatur,
622 2581 685 2644 qua
716 2565 749 2627 id
780 2564 811 2628 in
844 2566 991 2647 partibus
1022 2567 1061 2630 ad
1094 2566 1298 2638 Posidonium
1330 2562 1440 2628 relatis

392 2675 511 2740 lactum
549 2693 645 2756 supra
683 2674 821 2739 vidimus
852 2677 896 2756 (p.
928 2679 991 2759 ll).
1054 2678 1157 2759 legas
1186 2677 1264 2741 haec
1295 2694 1321 2741 c.
1350 2676 1388 2754 2,
1419 2676 1439 2739 3

392 2806 425 2868 p.
452 2789 520 2867 141,
546 2786 669 2852 1420:
693 2781 725 2868 (ὃ
749 2789 881 2867 Βαῖτις)
904 2779 1097 2853 ἀναπλεῖται
1123 2782 1237 2869 σχεδόν
1255 2811 1287 2851 τι
1310 2783 1368 2852 ἐπὶ
1388 2809 1440 2865 χι-

393 2894 482 2974 λίους
509 2895 564 2962 καὶ
587 2895 772 2975 διακοσίους
795 2893 948 2976 σταδίους
970 2897 1006 2964 ἐκ
1030 2894 1198 2985 θαλάττης
1229 2896 1324 2985 μέχρι
1348 2902 1439 2983 Κορ-

393 3005 492 3096 δύβης
509 3063 514 3075 .
532 3059 539 3073 .
557 3059 589 3074 ..
621 3006 714 3095 μέχρι
736 3007 796 3094 μὲν
823 2999 878 3075 οὖν
893 3007 1065 3088 Ἶσττάλιος
1096 3005 1231 3075 ὁλκάσιν
1254 3003 1440 3092 ἀξιολόγοις

392 3117 409 3187 ὃ
434 3115 602 3198 άνάνιλους
624 3117 713 3186 ἐστίν
736 3118 794 3186 ἐπὶ
817 3118 970 3198 σταδίους
998 3114 1035 3187 οὗ
1066 3121 1150 3186 πολὺ
1173 3118 1347 3197 λείποντας
1376 3123 1440 3183 τῶν

394 3229 631 3313 πεντακοσίων,
656 3229 713 3296 ἐπὶ
736 3230 772 3296 δὲ
794 3231 854 3308 τάς
877 3226 943 3296 δίναι
966 3229 1081 3308 πόλεις
1102 3230 1198 3320 μέχρι
1216 3226 1344 3309 ’ίλίιτας
1365 3235 1440 3308 ταῖς

393 3340 555 3424 ἐλάττοσι,
577 3342 671 3430 μέχρι
694 3342 731 3408 δὲ
748 3340 918 3430 Κορδύβης
939 3347 1011 3421 τοῖς
1032 3341 1209 3429 ποταμίοις
1232 3340 1439 3430 σκάφεσι...

394 3454 431 3522 τὸ
454 3450 487 3521 δ’
511 3450 579 3521 dvo
601 3454 639 3524 τὸ
663 3452 721 3520 ἐπὶ
736 3454 944 3533 ,Καστλιῖινος
966 3449 1024 3520 οὐκ
1045 3451 1116 3522 ἔστι
1140 3452 1292 3541 πλόιμον.

481 3587 506 3634 c.
531 3569 604 3648 2,4
634 3570 743 3649 p.142
766 3567 809 3633 C:
833 3560 1028 3649 (ἀναχύσεις)
1057 3561 1299 3652 άνατιλεάμεναι
1331 3591 1440 3654 παρα-

394 3675 542 3763 πλησίως
564 3676 601 3743 ἐκ
622 3674 789 3764 θαλάττης
812 3672 848 3744 οίι
870 3668 1002 3764 μικροῖς
1023 3675 1131 3762 μόνον,
1156 3672 1316 3744 ἀλλὰκαὶ
1338 3676 1439 3764 μεγά-

395 3789 464 3866 λοις
486 3785 645 3874 σκάφεσιν
667 3787 795 3866 εἰςτὰς
818 3788 851 3854 ἐν
873 3794 912 3879 τῇ
934 3787 1094 3879 μεσογαίᾳ
1117 3785 1242 3868 πόλεις.
1340 3853 1347 3872 ,

395 3929 598 3938 Ψ--.-

483 4012 514 4095 r)
537 4015 610 4075 unu.
633 4017 668 4074 11
689 4036 717 4094 p.
740 4021 805 4076 raa.
