3292 5006
820 431 1032 501 ..50..

403 624 477 671 vero
500 605 620 672 numeri
651 606 732 671 inter
764 625 799 670 se
828 625 888 670 non
912 608 1119 684 conveniant,
1151 603 1245 670 valde
1268 603 1452 685 ambigitur,

403 718 558 800 quomodo
588 718 666 783 naec
688 717 859 783 difficultas
891 716 1032 781 tollatur.
1076 715 1159 781 mv.
1182 715 1219 795 a,
1242 716 1262 781 6
1283 735 1313 797 p.
1332 715 1394 780 auo
1417 715 1451 781 o.
1481 696 1484 704 '

375 867 376 870 =
403 828 480 892 haec
503 827 666 910 leguntur:
690 828 730 892 ah
753 829 835 893 ostio
852 827 1016 894 Pelusiaco
1038 829 1080 892 66
1103 826 1285 891 Orthosiam
1302 827 1386 892 3900
1401 832 1452 907 st,
1495 911 1497 916 ,

402 940 476 1003 inde
499 941 541 1004 ad
563 939 713 1004 orontem
744 940 898 1020 1130st,
930 939 1002 1002 inde
1034 941 1075 1004 ad
1098 943 1207 1019 portas
1237 937 1300 1002 525
1322 944 1378 1020 st,
1409 939 1452 1002 ad
1536 959 1539 964 ·

403 1050 621 1125 Celenderem,
654 1048 731 1114 fines
761 1050 905 1130 Ciliciae,
942 1049 1084 1115 126061.
1117 1054 1227 1115 contra
1249 1047 1334 1114 XVI.
1356 1050 1387 1129 2,
1409 1049 1452 1113 33

401 1180 432 1242 p.
449 1161 513 1228 760
527 1159 560 1225 0.
572 1161 666 1226 haec:
690 1161 729 1226 ab
747 1161 895 1226 Orthosia
906 1161 944 1224 ad
959 1163 1073 1226 ostium
1091 1159 1289 1225 Pelusiacum
1300 1160 1385 1226 3650
1403 1165 1453 1239 st,

402 1273 429 1337 61
452 1273 523 1352 quis
545 1273 632 1337 sinus
654 1272 768 1346 intret,
791 1292 810 1336 a
833 1272 985 1337 Melaenis
1007 1273 1048 1334 ad
1072 1270 1149 1334 fines
1173 1270 1302 1337 01116166
1325 1271 1452 1354 Syriae-

403 1403 464 1465 que
497 1384 659 1461 190061,
688 1383 762 1448 1666
793 1383 1009 1447 6601661666
1039 1381 1103 1447 520
1127 1388 1184 1462 st,
1215 1382 1288 1446 inde
1318 1383 1359 1448 66
1393 1382 1452 1445 06-

404 1493 540 1559 thosiam
567 1495 649 1561 1130
671 1500 710 1558 st.

465 1611 468 1616 “
489 1604 590 1670 Valde
614 1605 799 1670 discordant
819 1603 903 1668 iuter
931 1621 964 1667 se
987 1604 1020 1668 hi
1043 1605 1173 1685 numeri,
1203 1623 1264 1686 qua
1295 1605 1335 1670 de
1357 1623 1453 1670 causa

404 1716 567 1782 Groskurd
598 1717 630 1781 in
659 1715 865 1781 adnotatione
895 1715 1047 1781 versionis
1078 1735 1154 1780 6666
1186 1734 1239 1780 666
1261 1714 1347 1781 16666
1370 1716 1453 1781 hunc

403 1827 434 1891 in
459 1829 583 1891 modum
608 1827 806 1893 scribendum
829 1845 898 1891 esse
920 1827 1059 1891 censuit:
1082 1827 1166 1892 XIV.
1190 1828 1220 1908 5,
1243 1828 1263 1893 3
1286 1847 1316 1909 p.
1333 1827 1396 1891 670
1411 1826 1453 1893 G':

404 1939 497 2015 3600,
522 1940 615 2018 1130,
637 1938 710 2019 525,
735 1941 830 2018 1920;
852 1939 937 2002 XVI.
953 1939 984 2021 2,
1000 1939 1042 2004 33
1057 1959 1088 2020 p.
1105 1939 1168 2003 760
1183 1938 1223 2004 C:
1247 1938 1340 2019 3650,
1360 1940 1454 2018 1920,

405 2051 505 2131 1130,
535 2049 608 2117 520.
661 2049 718 2115 061
742 2051 870 2116 minime
892 2051 1070 2130 666661166;
1102 2051 1239 2132 primum
1268 2051 1350 2115 enim
1382 2069 1453 2118 cum

406 2163 559 2227 Kramero
581 2153 772 2226 monendum
794 2169 843 2226 661
863 2161 953 2226 XVL-
964 2162 993 2243 2,
1016 2161 1057 2227 33
1079 2161 1111 2226 16
1128 2162 1272 2226 omnihus
1295 2160 1454 2227 codicibus

406 2279 513 2336 extare
529 2273 621 2354 1900,
644 2291 714 2350 666,
737 2272 819 2355 quod
843 2273 917 2336 1666
939 2293 958 2336 6
979 2271 1165 2338 Gasaubono
1188 2290 1295 2347 omnes
1317 2273 1455 2337 editores

406 2391 437 2450 61
460 2385 650 2466 interpretes
673 2383 703 2446 in
727 2389 848 2448 textum
872 2391 1075 2465 receperunt,
1100 2382 1191 2449 1920.
1237 2383 1399 2459 Quomodo
1421 2384 1454 2448 in

405 2495 487 2559 hunc
517 2513 653 2560 errorem
677 2492 884 2559 Casaubonus
915 2494 1079 2573 inciderit,
1109 2494 1228 2575 optime
1257 2494 1393 2558 Kramer
1421 2494 1454 2558 in

405 2607 609 2672 adnotatione
643 2605 663 2670 l.
693 2605 714 2668 l.
748 2603 894 2686 explicat.
955 2604 1018 2670 Sed
1051 2604 1114 2669 alia
1148 2612 1315 2686 praeterea
1347 2612 1456 2671 contra

407 2717 583 2783 Groshurdi
614 2715 826 2802 coniecturam
859 2717 1013 2780 monenda
1044 2724 1126 2780 sunt.
1173 2717 1355 2798 Videamus,
1385 2718 1455 2799 qui·

402 2829 465 2894 hus
487 2828 541 2893 ille
563 2828 739 2893 rationibus
770 2828 885 2893 ductus
908 2827 991 2893 XIV.
1014 2827 1043 2906 5,
1066 2828 1086 2892 3
1109 2847 1138 2908 6.
1156 2829 1218 2894 670
1242 2827 1275 2893 C.
1299 2835 1363 2893 tam
1388 2828 1454 2896 vio-

405 2940 507 3007 lenter
530 2939 710 3025 mutaverit.
756 2938 983 3018 Corrigendum
1007 2939 1230 3004 6666390016
1253 2939 1347 3022 3600,
1373 2941 1455 3005 1260

405 3051 538 3116 161920
560 3050 677 3116 1661666
692 3049 827 3131 6616611,
850 3050 933 3130 quod
956 3050 1034 3114 haec
1050 3066 1196 3114 mensura
1218 3069 1238 3114 a
1259 3069 1333 3115 vero
1354 3029 1454 3117 multo

406 3164 509 3228 minus
531 3163 696 3229 aberraret
719 3179 812 3241 quarn
837 3160 900 3225 illa.
946 3160 1009 3234 Sed
1037 3160 1097 3226 hoc
1119 3167 1339 3240 argumentum
1362 3164 1454 3244 66661
1491 3207 1494 3216 ·

270 3353 275 3364 ι
405 3280 528 3339 tantum
553 3274 702 3338 momenti
726 3291 793 3338 esse
816 3273 884 3337 luce
901 3271 1017 3338 clarius
1040 3279 1098 3351 est,
1122 3291 1192 3337 cum
1209 3273 1345 3338 sciamus
1368 3291 1454 3337 men·

405 3403 498 3450 suras
520 3384 657 3449 omnium
681 3383 884 3465 antiquitatis
906 3382 1157 3466 geographorum
1189 3403 1248 3448 non
1273 3391 1339 3448 tam
1362 3401 1454 3449 accu-

405 3503 493 3562 ratas
523 3515 611 3577 csse,
641 3499 677 3560 ut
704 3513 784 3575 quae
815 3495 946 3575 propius
977 3495 1019 3559 ad
1048 3513 1156 3560 verum
1185 3495 1336 3560 accedant
1358 3512 1453 3576 quam

404 3606 496 3687 aliae,
525 3625 578 3671 eas
601 3606 749 3688 scriptori
780 3606 840 3687 ipsi
872 3607 1032 3671 vindicare
1061 3606 1165 3672 liceat.
1217 3606 1277 3670 Per
1306 3625 1340 3672 se
1369 3607 1452 3672 enim

404 3718 602 3800 intellegitur
631 3717 702 3782 illos
733 3717 931 3800 geographos
968 3717 1138 3783 intervalla
1168 3724 1316 3784 accurate
1347 3718 1453 3784 metiri

406 3848 464 3893 non
481 3830 633 3910 potuisse.
678 3829 746 3895 Hoc
762 3829 811 3892 661
833 3830 907 3893 1666
923 3829 1034 3904 elucet,
1058 3831 1152 3912 quod,
1175 3835 1326 3911 quantum
1343 3833 1454 3910 pateat

406 3941 545 4022 spatium
561 3940 699 4025 aliquod,
722 3940 863 4005 eiusdem
880 3941 995 4004 aetatis
1018 3940 1188 4020 scriptores
1210 3939 1350 4004 numeris
1370 3939 1454 4004 inter

406 4071 439 4126 se
470 4053 603 4120 diversis
635 4052 776 4116 tradunt.
827 4051 916 4132 Quae
949 4069 1020 4115 cum
1053 4052 1099 4116 ita
1132 4052 1213 4132 6161,
1246 4051 1329 4114 hanc
1358 4068 1454 4117 unam
