3292 5006
595 444 806 510 ..73-

181 609 280 703 ίίμμῳ
305 613 430 705 βαθείᾳ
451 613 507 681 καί
528 611 700 701 καύμασιν.
755 617 774 699 ξ
796 617 836 682 21
859 637 891 700 p.
912 616 975 682 837
998 615 1040 683 O:
1061 617 1168 681 κεῖται
1190 611 1228 680 δὲ

179 726 216 795 τὸ
246 728 311 794 τῶν
333 726 524 814 Κυρηναίων
546 723 691 792 ἐπίνειον
720 727 763 793 ud
793 723 810 794 ὁ
833 724 870 792 δέ
892 726 996 804 πλοῦς
1018 721 1227 813 Λεονονόνῳ.

179 842 249 926 §22
264 839 347 906 med.
369 858 401 921 p.
418 839 481 905 838
506 838 544 906 C:
566 837 648 923 μετὰ
671 836 709 905 δέ
730 835 786 926 τὴν
803 831 1036 905 Ἀπολλωνίαν
1057 839 1098 903 ad
1121 837 1226 904 finem.

262 953 331 1018 Iam
354 951 539 1032 diligentius
568 950 628 1015 has
649 951 869 1034 paragraphus
893 950 1162 1033 pervestigemus,
1191 955 1228 1015 ut

178 1084 228 1131 res
250 1064 453 1146 colligemus,
483 1080 566 1144 quae
587 1063 629 1127 ad
651 1062 769 1146 peripli
789 1067 952 1129 auctorem
975 1062 1226 1145 cognoscendum

178 1177 305 1260 aliquod
328 1175 452 1258 possint
474 1174 592 1241 habere
623 1178 824 1240 momentum.
869 1174 917 1239 Ac
944 1173 1081 1257 primum
1111 1192 1229 1254 omues,

180 1287 232 1370 qui
255 1284 340 1351 hunc
362 1285 530 1351 circuitum
550 1284 668 1368 legent,
691 1284 910 1366 mirabuntur,
932 1287 1017 1369 quod
1039 1286 1070 1350 in
1094 1290 1229 1367 utraque

179 1399 304 1480 regione
327 1396 368 1462 ab
390 1416 504 1464 occasu
525 1397 647 1480 incipit,
671 1415 740 1463 cum
764 1397 935 1480 descriptio
956 1397 1051 1479 plane
1070 1397 1228 1464 contrario

180 1529 273 1577 cursu
306 1509 369 1576 huc
399 1527 501 1592 usque
532 1526 702 1592 progressa
738 1509 790 1575 sit.
848 1508 991 1576 Eandem
1029 1508 1229 1576 offensionem

179 1622 319 1704 praebet,
342 1621 426 1703 quod
450 1619 565 1686 Strabo
587 1640 613 1687 c.
631 1623 659 1702 1,
683 1621 723 1686 13
744 1626 823 1686 extr.
845 1639 876 1702 p.
893 1621 955 1688 798
972 1618 1006 1686 (i.
1029 1620 1118 1700 dicit,
1132 1637 1227 1702 quam

179 1734 256 1800 bene
288 1733 353 1798 sits
383 1733 426 1798 sit
456 1732 665 1814 Alexandria,
696 1733 816 1815 optime
846 1731 887 1797 ab
918 1750 955 1798 eo
985 1731 1143 1815 intellegi,
1174 1731 1230 1813 qui

180 1851 280 1911 totam
295 1846 488 1928 Aegyptum,
509 1845 681 1926 praecipue
703 1849 809 1910 autem
833 1862 931 1925 oram,
954 1845 1045 1911 ouius
1067 1848 1164 1927 caput
1186 1844 1230 1910 sit

181 1956 424 2035 Catabathmon,
453 1956 638 2038 permigret.
683 1956 847 2033 Quomodo
870 1957 976 2022 dicere
1005 1959 1129 2038 potest,
1158 1974 1230 2021 cum

180 2067 218 2133 ab
240 2073 315 2133 ortu
338 2067 462 2149 venial,
486 2065 732 2134 Catabathmum
754 2067 879 2133 initium
902 2085 970 2132 esse
993 2067 1082 2149 regni
1104 2068 1231 2149 Aegyp·

181 2179 277 2245 tiaci?
320 2179 421 2244 Immo
443 2178 557 2243 ultima
587 2178 662 2244 urbs
685 2179 876 2245 nominanda
904 2184 983 2244 erat
1028 2177 1152 2258 Quibus
1173 2194 1230 2243 nos

182 2291 273 2356 rebus
295 2308 332 2356 eo
355 2289 560 2371 adducimur,
590 2296 628 2356 ut
651 2289 797 2357 Straboni
828 2289 947 2357 iontem
977 2290 1135 2372 quendam
1166 2288 1230 2353 alio

181 2403 288 2469 ordine
310 2421 397 2468 oram
421 2407 621 2468 enarrantem
643 2407 771 2484 praesto
792 2401 891 2468 luisse
913 2401 1110 2484 colligamus.

263 2515 386 2581 Deinde
409 2512 502 2580 huius
525 2514 664 2581 auctoris
679 2515 842 2596 proprium
866 2533 935 2582 essa
957 2514 1102 2580 videmus
1124 2512 1231 2578 omnia

182 2632 328 2692 accurate
351 2644 546 2706 enumerare,
569 2644 650 2707 quae
672 2627 713 2692 ad
736 2645 801 2692 rem
818 2625 963 2694 navalem
985 2629 1131 2709 spectant
1154 2643 1231 2688 nau-

184 2736 284 2818 tisque
299 2737 518 2803 memorabilia
533 2743 622 2820 sunt3
644 2739 819 2821 perlustres
841 2739 996 2805 dictiones
1012 2737 1106 2804 istius
1128 2737 1230 2802 modi:

184 2865 208 2912 c.
232 2851 259 2929 1,
293 2851 313 2916 6
339 2842 377 2931 p.
394 2851 452 2917 791
479 2849 521 2916 0:
545 2845 690 2938 (Φάρος)
724 2847 840 2934 λιμένα
872 2847 958 2936 πρὸς
988 2841 1084 2937 αὐτὴν
1112 2848 1229 2913 ποιοῦν

186 2950 408 3047 ἀμφίστομον,
440 2963 459 3044 ξ
484 2963 524 3028 14
545 2980 576 3042 p.
593 2962 655 3029 799
678 2962 720 3029 O:
752 2957 853 3039 πόλις
885 2955 917 3026 δ’
949 2958 1021 3027 ἐστὶ
1047 2957 1103 3024 καί
1134 2955 1231 3045 λιμὴν

184 3071 299 3156 μέγας.
389 3067 580 3160 Τυνδάρειοι
601 3068 767 3154 σκόπελοι,
799 3069 929 3160 νησίδια
954 3070 1094 3157 τέτταρα
1116 3065 1231 3150 έχοντα

184 3183 314 3268 λιμένα.
328 3234 336 3248 .
348 3233 375 3250 ..
405 3184 501 3274 νῆσος
521 3181 759 3272 Αἱνησίππεια
783 3180 899 3266 ἓλεουσα
920 3182 1076 3269 λιμένα..
1091 3233 1119 3250 ..
1146 3187 1229 3246 Φοι-

185 3299 288 3374 νικοῦς
311 3292 427 3385 λιμήν.
442 3346 449 3361 .
462 3348 490 3362 ..
527 3291 668 3362 Σιδώνια
698 3294 814 3382 λιμένα
836 3291 954 3378 έχοοσα
966 3347 974 3363 .
985 3348 993 3362 .
1004 3346 1033 3362 ..
1067 3290 1086 3360 ὁ
1109 3291 1231 3379 Δέρρις

186 3405 295 3496 λιμήν.
310 3457 318 3472 .
332 3457 360 3474 ..
384 3399 440 3473 εἶτ’
458 3402 557 3487 ίίλλος
574 3407 670 3495 λιμὴν
684 3403 893 3486 Λεύκασπις.
928 3428 954 3474 ο.
969 3412 999 3489 3,
1017 3409 1057 3475 12
1072 3427 1102 3490 p.
1114 3408 1175 3474 831
1190 3405 1231 3471 0:

187 3515 273 3606 (lull)
289 3515 407 3602 {fironda
429 3518 486 3585 καί
508 3517 623 3605 λιμένα
637 3517 694 3585 καί
716 3519 782 3608 πρὸ
806 3521 864 3585 τοῦ
885 3520 1016 3605 λιμένος
1037 3514 1167 3607 νησίον.
1180 3569 1188 3583 .
1201 3568 1230 3583 ..

183 3630 280 3716 μέγας
303 3629 376 3698 ε’σιί
398 3631 509 3720 λιμὴν,
532 3622 570 3697 ὃν
593 3627 723 3697 Σάλόαν
743 3631 905 3699 καλοῦσιν.
951 3635 969 3717 ξ
995 3633 1033 3699 18
1055 3651 1086 3713 p.
1103 3631 1167 3698 835
1189 3630 1230 3696 C:

186 3739 247 3809 είσὶ
275 3742 313 3810 δὲ
340 3741 397 3809 καί
428 3737 579 3829 ἆλίμενοί
607 3767 691 3821 τινες
723 3742 867 3810 ἐνταῦθα
896 3740 1013 3825 τόποι,
1045 3746 1102 3830 τῆς
1131 3734 1231 3825 ίίλλης

186 3852 348 3942 παραλίας
370 3851 503 3943 ἐχούσης
525 3851 667 3940 λιμένας.
713 3857 789 3940 §20
811 3878 842 3941 p.
860 3856 922 3923 835
945 3857 984 3923 C:
1008 3851 1026 3944 ἡ
1045 3848 1231 3940 χαλεπότης

185 3964 220 4032 δὲ
239 3965 296 4034 καί
311 3964 428 4055 ταύτης
442 3971 499 4056 τῆς
522 3962 667 4055 Σύρτεως
684 3969 727 4034 cd
743 3987 774 4050 p.
790 3969 855 4034 836
869 3968 908 4034 0:
931 3965 987 4033 καὶ
1001 3963 1147 4053 μάλιστα
1167 3968 1232 4030 τῶν

187 4076 273 4166 παρὰ
292 4082 349 4170 γῆν
371 4075 637 4170 περίπλων,....
663 4073 782 4160 ἔχουσα
803 4078 861 4146 καί
883 4075 977 4168 νησία
1002 4077 1059 4146 καί
1083 4073 1231 4168 ίίφορμον
