3300 5018
713 479 903 546 ..3-

283 654 395 722 nantes
427 655 659 717 enumerentur.
718 651 809 728 Quod
839 651 1006 719 Strabonis
1042 651 1137 735 culpa
1166 657 1332 734 peccatum

283 780 352 827 esse
374 762 523 838 arbitror,
553 763 616 845 qui,
645 780 714 827 cum
738 765 826 845 apud
847 765 985 845 priorem
1007 769 1169 829 auctorem
1191 764 1270 829 nihil
1292 766 1332 830 de

283 872 400 939 tinibus
414 873 600 939 Lusitaniae
615 875 656 938 ad
669 875 863 940 occidentem
880 875 981 940 cerole
996 875 1151 940 traditum
1166 875 1332 955 inveniret,

282 992 320 1049 ut
352 985 595 1067 descriptionem
626 1004 715 1050 suam
755 987 905 1067 expleret,
929 985 1077 1069 'confugit
1113 986 1154 1051 ad
1185 987 1332 1053 alterurn.

282 1098 393 1176 Quem,
422 1115 493 1162 cum
525 1095 594 1160 tale
621 1097 697 1179 quid
729 1098 888 1179 traderet,
923 1097 1137 1178 CarpetanoS,
1170 1098 1331 1176 Vettones,

281 1209 451 1285 Vaccaeos,
476 1207 637 1273 Gallaecos
660 1214 772 1289 gentes
794 1227 863 1273 esse
885 1209 1069 1273 Lusitaniae
1091 1207 1262 1289 finitimaS,
1286 1210 1332 1274 ita

282 1326 389 1385 tamen
413 1325 506 1410 utet
536 1319 576 1382 de
599 1319 866 1401 septentrionibus
888 1327 922 1385 et
949 1321 989 1385 de
1011 1319 1132 1385 oriente
1166 1321 1332 1401 cogitaret,

281 1429 395 1496 Strabo
412 1449 471 1495 non
487 1435 572 1496 recte
595 1428 781 1512 intellegens
797 1430 928 1512 scripsit
948 1448 1000 1496 eas
1013 1449 1121 1496 omnes
1143 1431 1182 1497 ab
1199 1432 1331 1496 orlentis

280 1548 373 1622 parte
396 1541 607 1606 conterminas
629 1560 706 1606 esse.

367 1652 578 1718 Statuendum
610 1654 710 1734 igitur
747 1652 837 1718 nobis
870 1659 920 1719 est
952 1653 1144 1719 Strabonem.
1171 1653 1230 1720 hoc
1261 1653 1330 1720 loco

280 1764 359 1830 duos
380 1763 499 1839 fontes,
530 1781 582 1830 res
604 1764 663 1830 sibi
696 1765 872 1830 contrarias
893 1765 1098 1846 praebentes,
1129 1770 1195 1830 tam
1225 1765 1331 1847 negle-

278 1883 390 1956 genter
420 1882 548 1959 tamque
581 1876 748 1941 temerario
780 1874 978 1954 confudisse,
1008 1885 1043 1941 ut
1074 1875 1220 1956 lacunas,
1250 1894 1331 1957 quae

190 1984 193 1993 '
278 1988 362 2052 inter
384 1993 493 2069 partes
515 2006 532 2052 e
555 1987 691 2052 diversis
713 1985 854 2052 fontibus
876 1983 1026 2068 sumptas'
1044 1986 1181 2068 biareni,
1204 1986 1331 2069 explere

280 2118 340 2164 non
364 2104 500 2164 curaret.
546 2099 656 2162 Denuo
685 2097 784 2180 igitur
806 2096 1010 2162 confirmatur
1032 2097 1137 2179 opinio
1160 2097 1235 2161 olim
1257 2115 1330 2178 pro·

82 2202 85 2208 ’
169 2266 172 2270 .
221 2222 229 2234 ·
279 2209 357 2287 lata,
380 2208 578 2288 Strabonem,
611 2227 705 2291 qoem
728 2214 853 2274 constat
875 2208 1045 2273 admodum
1077 2209 1229 2290 grandem
1252 2214 1329 2273 natu

282 2338 361 2402 opus
383 2338 474 2385 suum
505 2319 728 2400 composuisse,
759 2320 793 2385 id
815 2337 876 2384 non
905 2319 1122 2401 perpolivisse.
1167 2319 1267 2398 Quem
1297 2321 1329 2384 in

279 2433 408 2497 modum
432 2449 503 2497 eum
526 2432 622 2496 etiam
646 2430 723 2496 alibi
738 2449 885 2512 peccasse
907 2431 1089 2496 Intermissa
1105 2449 1185 2496 nunc
1201 2432 1329 2513 quidem

266 2544 465 2625 ·quaestione
488 2544 528 2608 de
552 2541 693 2609 fontibus
714 2543 788 2608 libri
811 2543 901 2608 tertii
929 2543 1030 2608 altero
1052 2543 1161 2608 statim
1185 2543 1329 2624 exemplo

279 2654 511 2721 demonstrabo.

363 2767 559 2847 Legentibus
581 2767 663 2832 enirn
687 2766 821 2830 Troadis
850 2772 882 2831 et
906 2766 1048 2830 Aeolidis
1077 2765 1252 2848 periplum,
1275 2766 1330 2847 qui

278 2878 512 2970 continetnrin
544 2878 624 2943 libro
658 2877 753 2942 terti0
776 2877 906 2957 decimo,
938 2877 1078 2944 occurrit
1099 2877 1223 2942 duobus
1253 2877 1330 2943 locis

278 2990 396 3057 mentio
427 2991 514 3055 sinus
535 2990 776 3077 Adramytteni,
807 2989 896 3054 sinus
918 2988 1056 3070 Elaitici,
1088 2989 1254 3070 Cauarum,
1284 2991 1330 3054 ita

278 3109 396 3180 tamen,
418 3107 456 3167 ut
477 3101 547 3167 aliis
571 3102 648 3167 locis
670 3101 759 3170 aliud
782 3102 822 3166 de
844 3101 884 3165 iis
899 3102 1057 3166 tradatur.
1102 3101 1183 3166 Nam
1199 3121 1238 3167 ex
1260 3120 1331 3166 ver-

279 3214 328 3279 bis
349 3214 436 3278 XIII.
461 3216 488 3292 1,
511 3214 551 3280 51
575 3233 606 3294 p.
631 3212 693 3279 606
717 3212 767 3278 C.:
791 3209 916 3294 λέγεται
939 3210 1000 3296 γὰρ
1023 3209 1079 3276 καὶ
1102 3209 1197 3276 πᾶσα
1218 3207 1238 3299 ἡ
1259 3204 1328 3277 ἀπὸ

279 3328 410 3390 Λεκτοῦ
424 3322 518 3408 μέχρι
535 3316 653 3389 Κανῶν
668 3318 816 3411 παραλία
837 3325 883 3410 τῷ
899 3316 986 3410 αὐτῷ
1007 3317 1111 3406 τούτῳ
1127 3314 1272 3406 ὀνόματι,
1296 3319 1330 3386 ἐν

279 3425 306 3522 ᾧ
319 3433 375 3500 καὶ
392 3429 600 3512 &blotande
619 3431 899 3521 περιλαμβάκοται
915 3442 948 3501 et
963 3434 1024 3500 fine
1036 3435 1230 3517 paragraphi
1243 3427 1329 3520 ὑπὲρ

279 3541 376 3634 αὐτῆς
391 3540 422 3611 d'
441 3543 476 3612 ἒν
498 3545 538 3634 τῇ
552 3543 732 3634 μεσογαίᾳ.
819 3545 876 3611 καὶ
893 3541 927 3610 αἱ
949 3549 1006 3612 τοῦ
1021 3543 1152 3611 Καΐκου
1175 3542 1326 3628 ἒκβολαί·

278 3663 378 3725 ταῦτα
401 3652 432 3723 δ’
452 3653 511 3746 ἤδη
533 3661 590 3723 τοῦ
601 3650 751 3723 Ἐλαϊτῶν
766 3654 907 3724 κόλπου·
930 3656 987 3723 καὶ
1002 3651 1092 3722 ἔστιν
1108 3654 1142 3722 ἐν
1153 3659 1193 3746 τῇ
1207 3652 1329 3744 περαίᾳ

277 3765 421 3862 ὴἘλαία
442 3769 500 3836 καὶ
521 3765 539 3835 ὃ
564 3767 683 3848 λοιπὸς
705 3767 800 3856 μέχρι
822 3773 942 3834 Κανῶν
964 3765 1153 3846 κόλπος...
1183 3768 1330 3848 efficitur,

278 3889 315 3950 ut
330 3884 435 3950 Canae
452 3883 536 3949 sitae
551 3883 616 3948 sint
631 3884 662 3948 in
679 3882 907 3964 promunturio,
930 3881 1015 3963 quod
1031 3902 1052 3947 a
1066 3882 1167 3948 latere
1182 3881 1329 3947 meridIo-

278 3997 343 4061 nali
359 3996 449 4060 sinus
464 3995 592 4061 Elaitioi
610 3995 641 4058 in
665 3994 766 4060 altum
790 3995 923 4060 eiectum
940 3999 999 4073 est,
1021 3993 1157 4058 fortasse
1179 3994 1222 4074 id,
1244 3992 1329 4074 qnod

279 4107 373 4175 hodie
406 4107 524 4174 dicitur
547 4105 662 4171 Arslan
682 4105 813 4171 ¹Bumn.
858 4106 947 4170 Idem
978 4105 1180 4188 perspicuum
1213 4110 1263 4170 est
1290 4121 1330 4172 ex

1087 4214 1124 4276 1*
