3292 5006
830 418 1042 488 „pg-

413 609 537 675 quoque
557 589 639 657 libro
661 588 731 657 fons
752 591 804 657 sit.
849 591 917 657 Hoc
939 592 1056 658 nullius
1079 591 1231 657 momenti
1253 607 1339 672 asse,
1371 606 1463 670 spero

413 721 521 770 omnes
543 720 743 770 concessuros
771 721 859 783 esse;
891 704 990 787 Vogel
1013 705 1081 786 ipse
1112 703 1152 770 ab
1182 697 1243 769 bac'
1266 701 1377 784 regula
1399 699 1464 766 dis·

412 816 505 896 cedit,
536 832 607 881 curn
637 833 663 880 c.
681 816 716 897 1,
739 816 759 880 6
781 833 811 896 p.
828 815 890 882 791
906 813 939 881 O.
963 833 1163 895 mensnram,
1195 833 1277 898 quae
1307 819 1358 879 cst
1388 829 1464 895 pars

411 926 534 1009 peripli,
566 944 624 991 non
655 926 857 992 Artemidoro
886 926 1026 992 addicat.
1077 927 1147 991 Iam
1176 945 1252 991 vero
1281 924 1373 990 futile
1404 929 1463 1006 est,

413 1039 507 1121 quod,
530 1042 566 1103 ut
588 1037 825 1103 Artemidorum
849 1056 874 1104 c.
898 1039 928 1119 3,
953 1039 992 1102 17
1015 1036 1365 1119 postumatum
1388 1054 1463 1118 pro·
1561 1087 1564 1100 .

411 1151 482 1231 bct,
512 1148 616 1215 Strab.
639 1147 681 1213 ΙΙ.
704 1146 742 1229 b,
765 1149 810 1214 20
838 1168 869 1231 p.
887 1149 949 1215 123
971 1149 1005 1215 C.
1037 1155 1069 1214 et
1098 1148 1348 1231 Agathemerum
1382 1148 1420 1228 3,
1443 1146 1462 1212 8

410 1261 532 1339 laudat,
553 1260 608 1326 ubi
631 1259 714 1326 idem
739 1258 840 1342 Syrtis
862 1259 1013 1326 circuitus
1035 1261 1182 1327 traditur.
1227 1260 1356 1326 Minima
1379 1259 1462 1325 enim

410 1373 486 1439 licet
507 1391 566 1456 pro
596 1391 631 1437 re
652 1371 794 1438 iudicata
817 1372 934 1438 babere
964 1373 1050 1453 apud
1073 1371 1261 1437 Strabonem
1283 1370 1304 1436 l.
1326 1370 1346 1436 l.
1369 1371 1462 1435 Arte-

413 1483 569 1548 midorum
582 1481 711 1582 ¹fontem
733 1501 819 1563 esse;
849 1483 946 1548 immo
968 1501 1042 1549 vero
1064 1482 1165 1548 multo
1187 1482 1390 1549 verisimilius
1413 1488 1462 1547 cst

411 1593 655 1660 Eratosthenem
688 1593 800 1674 luisse,
831 1595 885 1677 qui
917 1596 957 1660 de
988 1595 1118 1660 maioris
1141 1594 1245 1676 Syrtis
1276 1593 1412 1659 circuitu
1443 1611 1463 1656 a

415 1703 570 1771 Strabone
592 1706 751 1772 laudetur.
805 1705 993 1788 Pariterque
1026 1707 1275 1788 Agatbcmcrum
1308 1704 1389 1784 3,8
1422 1741 1461 1750 —

411 1816 442 1897 5,
465 1816 516 1899 21,
547 1835 640 1898 quern
669 1818 770 1883 locum
793 1817 894 1898 Vogel
923 1818 1000 1884 item
1027 1818 1148 1897 laudat,
1179 1820 1219 1884 de
1241 1816 1462 1898 magnitudine

412 1928 517 2010 Syrtis
539 1929 668 1994 minoris
690 1928 814 1994 omnino
844 1929 889 1994 nil
912 1933 1001 1994 exmt
1028 1965 1069 1976 -
1091 1946 1232 1994 sunnon
1255 1927 1462 1993 Artemidoro

412 2039 543 2121 debere,
572 2042 629 2106 sed
652 2040 889 2119 Eratostheni„
907 2041 1065 2122 explicare
1086 2046 1219 2105 conatus
1247 2057 1317 2104 sum
1353 2038 1463 2104 oblata

411 2151 475 2216 alia
503 2151 661 2219 scribendi
689 2152 928 2234 opportunitate
941 2156 979 2233 1).
1024 2153 1113 2231 Quae
1142 2152 1170 2217 si
1201 2156 1287 2216 recte
1318 2149 1463 2232 exposita

310 2347 312 2352 Ι
413 2269 497 2343 sunt,
519 2262 643 2344 vogelii
666 2265 900 2345 argumentatio
923 2264 1051 2330 corruit.

500 2375 568 2440 Hoc
590 2380 697 2440 antem
719 2375 821 2457 Vogel
843 2375 1001 2457 sagaciter
1022 2375 1181 2456 admonet,
1203 2373 1301 2441 verba
1323 2392 1350 2440 c.
1369 2374 1399 2454 3,
1423 2374 1462 2439 17

412 2507 444 2568 p.
467 2486 531 2552 834
561 2485 600 2552 O:
633 2485 689 2574 τὴν
723 2483 760 2551 δὲ
793 2481 946 2575 Μήνιγγα
978 2482 1165 2571 νομίζουσιν
1197 2476 1280 2550 εἶναι
1314 2487 1356 2551 ad
1392 2479 1463 2565 ἐᾶον

280 2667 284 2676 ,
412 2590 545 2685 ἣδιστον
560 2593 688 2685 καρπόν
710 2616 769 2674 non
792 2619 830 2665 ex
846 2599 1056 2678 Artemidoro,
1078 2600 1136 2664 sed
1154 2617 1191 2663 ex
1207 2597 1338 2679 Polybio
1360 2598 1464 2679 petita

413 2728 500 2788 esse,
531 2711 615 2790 quod
637 2710 669 2775 in
703 2709 765 2774 illis
795 2710 877 2775 lotos
901 2711 984 2776 inter
1006 2710 1135 2775 arbores
1157 2713 1359 2788 numeretur,
1393 2726 1463 2773 curn

413 2841 439 2888 c.
455 2823 486 2902 3,
508 2821 528 2887 8
550 2841 581 2904 p.
598 2821 710 2888 8290.
734 2820 787 2888 ubi
809 2821 1032 2886 Artemidorus
1054 2821 1214 2900 laudatur,
1235 2820 1320 2885 hunc
1342 2822 1375 2885 in
1399 2838 1465 2885 mo·

414 2936 488 2999 dum
519 2934 558 2999 de
589 2933 650 2999 bac
678 2932 790 3015 planta
819 2933 960 3000 dicatur:
993 2934 1137 2998 σιτοῖντο
1167 2929 1204 2997 δὲ
1226 2927 1347 3013 λωτόν,
1377 2926 1465 2996 πόαν

413 3042 487 3109 τινὰ
508 3041 565 3110 καὶ
590 3040 692 3130 ῥίζαν.

500 3156 562 3224 Sed
591 3176 722 3239 pergam
756 3174 838 3222 nunc
869 3154 1020 3238 prolerre,
1050 3174 1132 3240 quac
1163 3160 1275 3223 contra
1297 3155 1464 3238 vngelium

412 3269 601 3350 proferenda
623 3269 700 3334 mihi
724 3269 881 3335 videntur.
926 3268 1032 3350 Atque
1060 3269 1095 3333 id
1117 3267 1357 3352 reprehendam,
1381 3268 1463 3350 quod

413 3380 492 3447 dicit
523 3399 570 3462 co,
601 3380 684 3462 quod
708 3378 823 3446 Strabo
846 3399 872 3446 c.
895 3380 925 3458 3,
948 3379 990 3445 20
1010 3399 1042 3461 p.
1063 3379 1124 3445 837
1149 3378 1183 3445 O.
1206 3398 1276 3445 cum
1299 3378 1404 3443 Plinio
1426 3378 1462 3442 V.

414 3493 456 3558 32
478 3493 557 3559 bene
580 3487 751 3570 consentit,
782 3491 1021 3557 Artemidorum
1043 3496 1205 3556 auctorem
1236 3508 1305 3557 esse
1335 3491 1464 3557 demon·

414 3605 521 3685 strari,
544 3604 670 3670 etiarnsi
686 3602 806 3670 numeri
823 3621 883 3668 non
895 3602 990 3684 plane
1002 3602 1098 3667 iidem
1113 3601 1188 3668 sint
1209 3602 1465 3685 Pervestigemus

501 3882 530 3960 1)
555 3882 751 3948 Quaestionos
788 3881 1020 3942 Artemidoreaa.
1085 3881 1125 3940 In·
1163 3880 1463 3941 commentationibus

415 3968 589 4047 philologis,
614 3969 721 4048 quibus
744 3969 848 4027 Ottoni
870 3968 1034 4028 Ribbeokio
1057 3966 1304 4042 congratulantur
1326 3966 1463 4047 discipali

412 4055 593 4135 Lipsianaos,
615 4076 645 4135 p.
665 4054 727 4116 477
752 4075 797 4134 sq.
1298 4049 1302 4064 ’
