3292 5006
603 430 814 494 ..61-

182 618 279 682 supra
302 600 441 683 exposui.
486 601 627 679 Quarum
648 602 805 666 mentione
828 618 910 681 quae
933 598 1139 667 difficultates
1162 606 1232 666 nas-

182 717 305 790 cuntur,
328 730 384 777 eae
407 712 466 777 hoc
489 711 582 776 modo
604 710 753 777 facillime
776 713 994 792 expediuntur.
1039 711 1125 778 Nihil
1149 716 1231 778 enim

181 821 304 887 facilius
333 821 401 887 fieri
431 825 552 905 potuit,
583 841 677 905 quam
709 830 746 887 ut
775 824 885 888 eadem
918 823 995 889 urbs
1025 825 1110 905 apud
1134 824 1230 889 alium

182 934 369 1014 scriptorem
392 933 483 1004 Saba,
507 935 593 1015 apud
616 934 712 998 alium
737 935 838 1000 Sabae
862 936 1086 1001 nominaretur.
1160 996 1165 1005 .

267 1045 330 1111 Sed
354 1045 454 1110 multa
475 1046 620 1126 indagari
643 1052 776 1126 possunt
798 1045 861 1112 alia
885 1047 1019 1128 indicia,
1051 1049 1165 1130 quibus
1188 1049 1230 1114 ad

183 1158 317 1222 eundern
344 1155 438 1222 finem
461 1159 682 1242 perducamur.
735 1157 953 1223 Memorantur
982 1160 1000 1240 ἓ
1024 1158 1043 1224 8
1065 1179 1095 1241 p.
1113 1160 1176 1226 770
1198 1159 1232 1224 C.

182 1277 258 1333 extr.
281 1270 312 1334 in
336 1269 429 1334 litore
451 1269 538 1333 sinus
555 1269 681 1334 Arabici
704 1275 776 1350 post
791 1275 917 1349 portum
932 1270 1055 1336 Elaiam
1075 1270 1233 1336 Stratonis

183 1380 303 1459 insula,
326 1387 437 1462 portus
460 1378 561 1459 Saba,
594 1380 726 1446 interior
749 1381 836 1462 ragio
859 1380 1022 1461 TenessiS,
1046 1400 1115 1446 cum
1139 1383 1170 1446 in
1194 1400 1232 1446 ea

183 1511 263 1575 quae
279 1493 424 1572 sequitur
439 1491 639 1572 paragrapho
661 1499 734 1573 post
749 1493 883 1556 eundem
907 1501 1034 1572 portum
1051 1493 1174 1558 Elaiam
1198 1492 1233 1556 hi

184 1602 243 1668 loci
265 1609 448 1668 occurrant:
480 1603 635 1668 Demetrii
658 1603 805 1684 speculae
828 1609 861 1668 et
884 1602 1018 1670 Cononis
1048 1624 1123 1670 arae
1146 1613 1178 1668 et
1201 1605 1232 1669 in

184 1714 422 1780 mediterraneis
444 1714 565 1780 Coracii
588 1715 684 1796 regio.
728 1715 825 1780 Plane
851 1714 915 1780 alia
938 1716 1035 1798 igitur
1060 1717 1232 1799 descriptio

184 1827 354 1891 statuenda
384 1831 441 1892 est.
502 1828 589 1905 Quae
620 1832 727 1891 autem
759 1827 777 1908 ἓ
801 1826 820 1890 9
849 1846 879 1907 p.
903 1826 963 1891 771
990 1828 1023 1894 O.
1053 1829 1232 1907 traduntur,

183 1939 221 2002 ad
244 1937 324 2002 haec
340 1945 408 2002 arte
431 1939 642 2002 adnectuntur
665 1937 777 2004 ultima
799 1939 991 2020 paragraphi
1020 1939 1128 2020 verba,
1150 1957 1230 2020 quae

185 2049 245 2114 iam
269 2049 301 2114 iu
325 2048 554 2114 dubitationem
585 2049 704 2115 vocavi.
749 2049 881 2114 Accedit
903 2049 1007 2130 aliurl;
1042 2069 1112 2114 nam
1137 2050 1233 2116 etiam

188 2160 365 2242 Oreophagi
389 2160 515 2242 saepius
531 2166 825 2238 commemorantur,
847 2159 913 2225 fere
929 2179 1053 2242 sempor
1076 2161 1234 2227 coniuncti

185 2292 254 2338 cum
270 2272 382 2338 mutila
399 2280 493 2353 geute
516 2272 564 2336 vel
580 2273 641 2352 ipsi
659 2272 762 2337 mutili
779 2272 867 2338 dicti.
912 2273 1001 2352 Quod
1018 2272 1056 2338 fit
1077 2273 1127 2337 his
1142 2273 1234 2337 locis:

187 2384 297 2465 §ilp
317 2384 376 2448 771
400 2384 433 2449 O.
463 2383 584 2448 ultimis
614 2383 734 2465 verbis,
765 2403 845 2466 quae
877 2384 938 2448 iam
961 2385 1096 2466 saepius
1128 2384 1234 2463 citavi,

187 2494 274 2560 initio
298 2495 316 2577 ξ
334 2495 374 2561 13
396 2515 425 2578 p.
443 2497 504 2562 772
520 2496 554 2562 Ο.
570 2500 647 2560 extr.
665 2501 698 2560 et
719 2496 750 2560 in
769 2496 872 2560 media
888 2494 953 2562 fere
976 2497 995 2577 ἓ
1013 2497 1052 2563 14
1068 2515 1098 2577 p.
1111 2497 1172 2561 773
1189 2495 1234 2576 O,

186 2624 317 2686 quorum
340 2607 462 2688 primus
493 2607 532 2673 ab
565 2608 693 2689 reliquis
716 2607 838 2672 dnobus
871 2607 1036 2689 dissentit,
1068 2608 1122 2690 qui
1152 2608 1235 2673 inter

186 2735 217 2782 se
239 2719 318 2785 bene
342 2727 529 2800 congruunt,
552 2739 623 2785 eum
646 2739 702 2786 eae
717 2725 838 2801 gentes,
860 2738 941 2800 quoe
964 2721 1037 2784 inde
1060 2719 1100 2786 ab
1118 2719 1233 2784 Eume-

187 2830 234 2895 nis
255 2835 351 2911 portu
373 2831 414 2896 ad
437 2830 551 2896 Deiren
575 2837 608 2898 et
629 2833 660 2896 in
684 2832 776 2896 litore
799 2838 830 2896 et
853 2832 885 2896 in
908 2830 1111 2896 interioribus
1134 2831 1235 2912 regio-

187 2942 277 3008 nibus
300 2944 393 3008 sedes
423 2942 558 3024 habent,
589 2943 748 3009 etiamad
780 2943 858 3008 litus
888 2952 979 3007 extra
999 2942 1117 3008 fretum
1139 2943 1235 3007 situm

186 3053 335 3120 facillime
357 3056 520 3135 expositae
542 3073 611 3120 esse
634 3060 776 3137 possunt,
808 3060 845 3119 ut
875 3055 907 3119 in
931 3054 1147 3120 describendis
1170 3053 1235 3119 illis

188 3167 281 3231 terris
295 3165 398 3248 primo
420 3166 487 3232 loco
505 3171 777 3231 annumerarentur.
816 3167 867 3231 lta
883 3167 915 3231 in
939 3167 998 3232 hac
1015 3185 1048 3230 re
1071 3185 1109 3231 ne
1125 3167 1235 3230 haere-

187 3297 286 3371 amus.
331 3279 462 3343 Minime
484 3283 591 3343 autem
622 3279 663 3343 ad
687 3279 720 3342 id
743 3279 898 3360 quadrat,
930 3279 1013 3360 quod
1047 3279 1109 3344 iam
1135 3278 1234 3344 multo

189 3397 261 3460 ante
283 3390 460 3472 Creophagi
484 3389 569 3456 circa
586 3389 745 3471 Antiphili
768 3399 893 3471 portum
917 3400 1142 3455 memorantur.
1186 3390 1234 3454 An

190 3521 371 3569 censeamus
394 3522 428 3568 re
449 3521 525 3568 vera
547 3502 654 3584 plures
676 3501 816 3567 eiusdem
834 3501 967 3566 nominis
990 3507 1101 3582 gentes
1124 3520 1236 3566 secun-

190 3616 262 3679 dum
286 3614 539 3696 geographorum
562 3615 752 3679 sententiam
776 3612 896 3679 fuisse?
940 3613 1048 3694 Quod,
1072 3632 1141 3678 cum
1164 3631 1235 3693 pro-

191 3726 323 3792 babilem
354 3727 419 3792 veri
450 3726 586 3808 speciem
623 3744 682 3789 uon
715 3726 849 3807 habeat,
885 3743 1011 3806 negem,
1049 3725 1106 3789 sed
1137 3723 1237 3789 multo

191 3840 295 3919 potius
317 3839 426 3904 eadem
451 3839 572 3903 ratione
595 3837 757 3919 explicem,
781 3855 841 3918 qua
865 3837 928 3902 iam
951 3845 1073 3904 ceteras
1095 3836 1236 3901 eiusdem

192 3951 273 4015 modi
297 3949 503 4016 difficultates
526 3949 665 4030 dissolvi,
689 3950 862 4015 constituto
884 3949 946 4013 alio
969 3947 1064 4012 fonte.

276 4061 398 4144 Quibus
429 4061 523 4127 rebus
552 4062 665 4144 positis
694 4061 776 4126 hauc
806 4061 1014 4144 suspicionem
1045 4064 1121 4144 puto
1150 4057 1237 4126 lraud
