3292 5006
601 472 814 536 ..31-

183 638 296 721 tionis,
327 639 412 706 unde
440 640 510 706 lons
540 641 683 722 cognosci
715 641 827 723 possit.
891 642 1100 709 Statuendnm
1133 644 1233 726 igitur

182 751 271 818 nobis
294 758 343 818 est
365 770 432 817 rem
456 770 515 815 non
539 752 620 817 satis
641 753 772 833 liquere.

265 863 431 930 Postremo
455 864 521 928 loco
543 882 689 929 moneam·
709 883 762 946 ea,
793 884 875 948 qnae
896 865 995 946 Vogel
1018 867 1150 932 de-toto
1172 868 1233 931 cir-

182 974 268 1038 cuitu
299 974 329 1038 in
361 977 542 1040 universum
575 977 721 1056 exponit,
751 996 812 1041 non
846 982 931 1041 recte
963 977 1132 1058 disputata
1154 995 1230 1042 esse.

182 1083 243 1150 Sed
267 1086 447 1167 explicabo,
470 1105 532 1168 qua
556 1087 594 1150 de
618 1106 651 1152 re
675 1093 801 1168 agatur.
846 1086 1083 1168 Peropportune
1106 1087 1233 1167 accidit,

181 1197 264 1277 quod
288 1199 375 1279 apud
404 1197 541 1262 Plinium
565 1198 602 1261 V.
624 1198 668 1264 40
691 1198 831 1263 traditur
854 1198 1090 1264 Artemidorum
1132 1198 1231 1262 totius

955 1311 1189 1318 ——m-

183 1323 310 1390 Africae
325 1325 553 1407 longitudinem
577 1325 703 1406 aTingi
721 1327 762 1391 ad
779 1325 939 1391 Canobum
958 1325 1090 1411 lxxxvl
1115 1326 1187 1390 LIX
1202 1344 1232 1406 p.

181 1465 222 1488 =
236 1436 342 1502 28422
357 1445 396 1501 st.
420 1437 592 1519 collegisse.
636 1437 684 1501 Ex
702 1437 916 1518 Agathemero
938 1443 1055 1516 autem,
1068 1437 1131 1524 'qui
1154 1438 1173 1519 ξ
1191 1439 1231 1501 10
1254 1493 1256 1500 .

182 1547 287 1613 29252
309 1553 348 1612 st.
372 1547 512 1623 exhibet,
537 1548 621 1629 quod
644 1547 743 1628 Vogel
775 1553 943 1629 praeterea
965 1549 1117 1613 auxilium
1141 1550 1231 1629 petit,

181 1659 337 1739 displicet,
360 1676 431 1723 cum
447 1659 681 1724 demonstrasse
703 1658 781 1723 mihi
796 1659 907 1724 videar
926 1659 1009 1725 hanc
1025 1659 1232 1740 Agathemeri

181 1769 279 1835 libelli
300 1777 424 1852 partem
457 1789 494 1834 ex
518 1769 729 1834 Eratosthene
751 1767 888 1836 fluxisse.
933 1771 971 1835 Id
999 1770 1099 1851 igitur
1129 1773 1230 1836 solum

181 1899 261 1945 nunc
281 1882 505 1963 examinemus,
529 1900 602 1946 num
618 1899 740 1944 summa
764 1882 900 1945 omnium
917 1900 1128 1958 numerorum,
1152 1899 1230 1963 quoe

181 1991 295 2058 Strabo
326 1993 525 2058 Artemidoro
556 1999 685 2058 anctore
716 1993 755 2056 de
786 2010 842 2057 ora
864 1991 993 2059 Africae
1023 1992 1168 2074 collegit,
1198 1999 1231 2058 et

182 2101 325 2168 Pliniana
346 2104 430 2169 inter
459 2123 493 2169 se
516 2105 711 2170 conveniant.
757 2103 848 2182 Quod
881 2108 917 2167 nt
945 2101 1070 2169 facilius
1092 2104 1229 2186 perspici

181 2216 290 2296 possit,
311 2215 453 2296 singulas
474 2217 637 2296 stationes,
661 2221 814 2297 quantum
838 2215 968 2296 distent,
991 2214 1160 2281 enarrabo:

198 2360 213 2391 a
230 2345 333 2393 Cotibus
349 2347 381 2392 ad
399 2347 565 2405 Metagonium
670 2347 736 2393 5000
755 2351 784 2392 et.
811 2345 890 2391 XVII.
918 2349 974 2406 3,8
1010 2344 1137 2406 penne.

199 2431 371 2491 alletagonio
389 2433 419 2479 ad
438 2433 539 2479 Tretnm
671 2433 738 2480 6000
756 2437 785 2478 st.
917 2432 974 2489 3,0
1011 2445 1033 2491 p.
1048 2434 1096 2480 820
1112 2431 1138 2478 C.

198 2532 212 2564 a
230 2519 303 2566 Treto
321 2519 352 2565 ad
371 2517 546 2578 Carthaginem
670 2518 736 2566 2500
755 2522 785 2564 st.
918 2521 941 2575 3,
963 2521 993 2566 13
1011 2533 1036 2578 p.
1052 2519 1100 2566 832
1115 2517 1141 2563 C.

200 2603 380 2664 aCarthagine
398 2605 429 2651 ad
447 2605 571 2665 Cephalus
674 2605 740 2652 5000
758 2608 788 2655 st·
917 2607 941 2662 3,
962 2607 992 2652 18
1011 2619 1035 2664 p.
1050 2605 1099 2651 835
1113 2601 1142 2649 C.

510 2705 604 2772 (μικρῷ
624 2703 733 2762 πλείονες
750 2705 801 2754 τῶν
820 2702 897 2771 5000)

200 2793 348 2854 aCephalis
366 2794 397 2840 ad
415 2793 520 2839 Boreion
671 2793 738 2840 3080
757 2797 787 2838 st.
918 2793 941 2850 3,
961 2794 993 2839 20
1011 2807 1036 2852 p·
1050 2794 1099 2840 835
1112 2797 1173 2839 extr.
1186 2791 1213 2838 Ο.

200 2895 215 2925 a
231 2880 349 2927 Berenice
367 2879 398 2925 ad
416 2878 573 2938 Apolloniam
672 2877 738 2924 1000
757 2881 787 2923 st.
918 2880 941 2934 3,
961 2879 993 2925 20
1011 2892 1036 2937 p.
1050 2878 1098 2925 832
1112 2877 1145 2924 in.
1159 2878 1187 2926 C.

200 2979 214 3010 a
230 2965 327 3025 Cyrene
344 2965 376 3010 ad
395 2964 584 3012 Catabathmum
671 2962 738 3010 2200
756 2968 785 3009 st.
917 2967 940 3020 3,
960 2965 991 3010 22
1011 2977 1034 3021 ρ.
1048 2964 1096 3010 838
1111 2963 1139 3012 0.

199 3066 214 3097 a
231 3051 394 3098 Catabathmo
412 3051 443 3096 ad
461 3049 634 3097 Paraetonium
691 3048 741 3097 000
759 3053 789 3094 st.
922 3053 943 3105 1,
964 3051 995 3094 14
1012 3063 1038 3108 p.
1051 3048 1098 3096 290
1112 3046 1139 3094 C.

200 3153 215 3183 a
231 3138 377 3184 Paraetonio
396 3136 427 3182 ad
446 3135 620 3181 Alexandriam
674 3133 740 3182 1300
758 3138 787 3180 st.
918 3137 941 3190 1,
963 3135 994 3180 14
1012 3148 1036 3193 p.
1051 3135 1098 3181 200
1113 3132 1140 3179 C.

200 3223 231 3268 ab
248 3223 399 3270 Alexandria
416 3224 447 3269 ad
466 3221 594 3269 Canobum
692 3223 740 3266 120
757 3225 787 3266 st.
918 3221 940 3277 1,
961 3223 991 3269 12
1011 3234 1035 3279 p.
1049 3222 1097 3268 801
1111 3220 1145 3267 in.
1158 3218 1186 3268 C.

199 3323 214 3354 a
232 3309 333 3356 Cotibns
351 3309 382 3355 ad
397 3307 524 3354 Canobum
653 3291 807 3356 W

265 3425 365 3508 Vogel
381 3445 411 3506 p.
427 3425 492 3492 410
512 3425 552 3490 in'
560 3442 698 3490 errorem
714 3425 837 3505 incidit,
860 3442 930 3490 cnm
950 3423 1031 3487 hunc
1053 3423 1086 3487 in
1102 3423 1228 3487 modum

184 3538 322 3620 singulos
344 3556 491 3604 numeros
514 3542 761 3602 consummaret:
784 3555 804 3600 a
827 3535 975 3617 Cephalio
997 3535 1037 3598 ad
1059 3534 1230 3599 Automala

185 3651 267 3716 3930
282 3655 331 3730 st,
347 3651 387 3714 ab
404 3647 582 3714 Automalis
597 3648 640 3712 ad
656 3647 826 3714 Berenicen
846 3646 929 3713 1500
942 3651 982 3710 st.
1020 3644 1130 3725 Neque
1146 3646 1228 3710 enim

184 3770 266 3828 recte
289 3760 454 3840 intellexit,
477 3760 650 3824 secundnm
673 3758 859 3824 Strabonem
883 3758 986 3840 Syrtis
1008 3756 1137 3821 maioris
1152 3754 1230 3821 fines

185 3872 338 3955 Cephalus
360 3877 394 3937 et
417 3870 549 3935 Boreion
572 3870 826 3952 promunturium
849 3887 927 3950 esse,
951 3868 1006 3934 cfr.
1024 3868 1126 3934 XVII.
1142 3869 1172 3950 3,
1190 3870 1229 3934 18

186 3982 235 4048 fin.
249 4004 281 4065 p.
296 3983 360 4049 835
375 3983 418 4048 C:
441 3976 526 4067 ἄκρα
547 3976 657 4068 ὑψηλὴ
676 3978 734 4045 καὶ
755 3973 889 4065 ὑλώδης,
912 3972 991 4068 ἀρχὴ
1013 3979 1069 4067 τῆς
1090 3975 1230 4066 μεγάλης

187 4090 338 4180 Σύρτεως,
360 4093 494 4158 καλοῦσι
511 4093 548 4157 δὲ
563 4087 723 4179 Κεφαλάς
745 4100 778 4157 et
793 4090 886 4156 finem
902 4108 1012 4156 versus
1028 4092 1129 4158 XVII.
1146 4093 1176 4176 3,
1189 4093 1231 4158 20

1009 4201 1025 4258 6
