3300 5018
652 452 864 520 ..25-

234 617 416 712 τιερίττλοον
444 625 501 714 τῆς
531 620 621 702 ἐντὸς
637 618 829 711 Ἡρακλείου
851 627 1009 711 πορθμοῦ
1041 618 1279 709 θαλάσσης...

233 734 267 801 ἓν
289 731 401 802 ἕνδεκα
424 735 579 824 διεξῆλθε
600 731 752 820 βιβλίοις.

318 847 417 916 Marc.
448 850 524 916 Hor.
556 849 672 930 Peripl.
703 849 783 914 Mar.
814 848 884 914 Ext.
916 849 1002 929 ΙΙ,2
1031 848 1194 931 (Milller):
1225 851 1283 936 τῆς

234 958 271 1024 δὲ
293 953 357 1040 ἔξω
380 954 557 1046 θαλάττης,
582 954 652 1047 ἥτις
674 951 815 1036 ὠκεανὸς
837 956 935 1043 παρὰ·
952 957 1017 1023 τῶν
1032 953 1198 1025 ττλείστωτ
1219 983 1279 1024 κα-

232 1071 346 1152 λεῖται,
369 1066 398 1136 εί
420 1069 476 1136 καὶ
490 1067 631 1158 μετρίως
652 1072 749 1136 τιτῶν
762 1073 869 1157 μερῶν
892 1065 1159 1158 ὃπροειρημένος
1182 1068 1280 1158 ἐμνη-

233 1177 389 1267 μόνευσεν
407 1174 674 1270 Ἀρτεμίδωρος.
692 1232 699 1247 .
717 1233 748 1248 ..

318 1296 430 1362 Altera
460 1300 567 1361 autom
600 1301 758 1377 exparte
788 1295 1056 1368 considerandum
1085 1300 1135 1362 est
1165 1296 1282 1379 peripli

232 1408 371 1475 indolem
393 1407 488 1491 plane
510 1408 645 1476 alienam
668 1426 740 1474 esse
764 1406 805 1473 ab
828 1426 882 1489 ca,
906 1425 1000 1489 quam
1025 1428 1063 1475 ex
1085 1407 1283 1474 Artemidori

231 1519 418 1603 fragmentis
441 1519 608 1587 aStiehlio
631 1521 790 1602 congestis
813 1525 846 1584 et
868 1538 907 1584 ex
925 1517 1092 1586 Strabonis
1114 1519 1189 1585 libri
1206 1539 1280 1603 par-

230 1633 317 1698 tibus
340 1630 380 1696 ab
403 1651 440 1698 eo
462 1632 574 1715 petitis
597 1633 757 1714 cognitam
779 1630 935 1698 habemus
957 1629 1028 1714 (cfr.
1051 1652 1082 1714 p.
1107 1631 1151 1715 6).

316 1739 510 1821 Quaestione
532 1747 574 1809 ad
602 1742 687 1808 huno
708 1740 804 1809 finem
824 1743 983 1826 perducta
1003 1743 1156 1810 iudicium
1180 1744 1221 1809 de
1243 1762 1281 1809 ea

230 1877 264 1922 re
285 1856 370 1922 ferre
392 1873 573 1938 possumus
602 1874 699 1937 quam
721 1873 820 1936 supra
841 1854 886 1936 (p.
912 1853 965 1935 19)
995 1855 1028 1919 in
1051 1872 1208 1936 suspenso
1230 1872 1281 1920 re·

229 1968 390 2051 liquimus,
405 1968 490 2032 unde
505 1967 623 2036 habeat
639 1963 752 2032 Strabo
768 1965 883 2030 ultima
896 1963 994 2030 rerba
1009 1983 1035 2030 c.
1049 1966 1078 2046 1,
1093 1966 1113 2030 6
1128 1984 1160 2046 p.
1174 1965 1234 2030 139
1245 1965 1278 2031 0.

230 2080 305 2144 inde
327 2077 367 2144 ab
389 2072 485 2141 τείνει
507 2074 544 2141 δὲ
566 2070 584 2164 ἡ
604 2071 693 2161 χώρα
715 2067 814 2156 αὕτη.
829 2127 835 2141 .
848 2123 877 2139 ..
901 2075 1135 2142 Zimmermann
1157 2095 1196 2141 ea
1218 2077 1279 2142 Ar·
1395 2083 1396 2090 ’

229 2191 388 2256 temidoro
417 2188 531 2255 tribuit
561 2193 598 2253 ut
626 2188 744 2271 peripli
766 2188 908 2268 auctori,
940 2206 998 2270 ego
1029 2189 1157 2271 quidem
1180 2206 1218 2253 ea
1239 2187 1279 2254 ab

230 2301 285 2366 illo
308 2300 414 2367 aliena
435 2319 507 2366 esse
529 2300 642 2366 eadem
663 2301 704 2365 de
726 2317 825 2384 eausa
847 2300 1014 2365 contendo.

316 2412 439 2490 Quibus
469 2410 566 2478 rebus
597 2411 756 2477 absolutis
785 2410 1019 2478 Zimmermann
1048 2412 1090 2476 ad
1119 2411 1281 2477 internum

230 2524 406 2606 Hispaniae
437 2523 604 2588 cmcuitum
627 2523 762 2603 transit,
793 2541 887 2604 quam
918 2542 953 2589 se
984 2525 1204 2606 quaestionem
1234 2523 1281 2588 ica

228 2637 452 2702 instituturum
475 2653 545 2701 esse
567 2636 736 2717 promittit,
759 2639 797 2700 ut
821 2655 869 2718 ea,
891 2654 972 2718 quae
994 2635 1111 2720 peripli
1133 2653 1204 2701 esse
1225 2654 1281 2717 ap-

228 2752 358 2830 pareat,
390 2747 593 2813 Artemidoro
623 2747 755 2828 reddat,
786 2767 856 2814 cum
887 2747 927 2812 ab
950 2767 987 2814 eo
1016 2747 1160 2830 periplus
1182 2748 1280 2814 maris

229 2860 331 2927 exteri
346 2861 556 2942 depromptus
580 2859 632 2924 sit.
678 2858 712 2924 Si
734 2864 841 2926 autem
857 2860 1176 2941 consideraverimus,
1199 2879 1281 2943 quae

227 2972 385 3054 praedixi,
416 2990 607 3054 persuasum
637 2971 728 3037 nobis
751 2972 814 3037 erit
845 2971 927 3038 hane
949 2990 1078 3037 causam
1101 2971 1201 3037 solam
1224 2972 1280 3036 mi·

228 3085 312 3149 nime
335 3080 499 3176 sufficere,
533 3088 579 3164 ut,
611 3083 666 3148 ubi
695 3082 815 3148 nullam
845 3083 909 3148 nisi
931 3082 1014 3150 hano
1035 3084 1174 3166 protulit
1196 3085 1279 3150 Zim-

230 3213 408 3276 mermann,
435 3213 497 3259 non
519 3213 601 3276 opus
631 3195 674 3260 sit
703 3196 794 3261 novis
823 3195 1039 3277 argumentis,
1071 3195 1187 3277 quibus
1220 3215 1279 3278 ego

230 3304 372 3369 arincam
395 3303 632 3371 Artemidorum
654 3305 775 3371 fontem
797 3325 861 3371 non
883 3325 965 3373 esse.

314 3416 400 3498 Age,
435 3416 562 3497 slngula
595 3417 768 3483 rideamus.
814 3419 861 3484 Ac
890 3419 1030 3500 primum
1059 3418 1188 3502 quidem
1219 3419 1280 3485 hac

229 3527 261 3591 in
284 3525 424 3593 relacio
447 3545 518 3593 cum
541 3528 808 3612 Zimmermanno,
830 3531 916 3612 quod
938 3549 969 3612 p.
993 3529 1054 3596 351
1079 3531 1179 3596 sumit
1200 3550 1226 3597 c.
1249 3534 1279 3614 4,

231 3641 247 3704 1
271 3659 302 3722 p.
328 3635 390 3704 156
413 3639 445 3704 0.
477 3638 516 3704 ab
540 3639 743 3705 Artemidoro
774 3641 910 3706 alienam
938 3660 1026 3723 esse,
1058 3659 1128 3706 cum
1158 3648 1280 3724 pugnet

230 3768 301 3815 cum
332 3750 467 3832 periplo.
513 3749 612 3816 (iuius
641 3751 689 3817 rei
720 3752 898 3834 exemplum
931 3755 1057 3836 capitur
1088 3773 1127 3820 ex
1157 3755 1278 3837 c.1,3

228 3880 259 3942 p.
285 3863 345 3927 137
369 3863 414 3944 0.,
437 3861 492 3928 ubi
514 3862 705 3943 Hispaniam
728 3864 814 3931 6000
838 3870 878 3931 st.
903 3865 1032 3932 extendi
1055 3865 1184 3950 dicitur,
1207 3885 1279 3933 cum

229 3972 307 4054 loco,
330 3975 454 4056 dequo
477 3991 582 4040 sermo
605 3978 664 4056 est,
687 3974 833 4042 locust.
860 3975 1078 4043 exhibeantur.

209 4087 211 4090 ’
313 4085 357 4152 Iis
372 4091 478 4153 autem
500 4085 596 4171 plane
611 4103 766 4172 repugno,
788 4089 925 4174 quaeda
948 4089 1162 4175 §lprotulit
1184 4111 1279 4176 quam
