3292 5006
801 422 1013 490 ..68-

387 597 483 678 Apud
504 595 774 679 Agatharchidem
797 601 830 660 et
851 596 938 678 apud
961 596 1134 660 Diodorum
1158 593 1326 661 Strabonis
1340 594 1438 661 verba

387 708 427 774 ab
449 696 489 784 ἃς
510 707 670 791 καλοῦμεν
690 708 733 773 ad
755 701 921 791 διαάμεώς
943 703 1041 786 ἐστιν,
1065 707 1297 772 desiderantur.

474 819 637 884 Postremo
664 836 822 902 apponam
853 819 872 902 ξ
897 819 936 885 19
966 837 996 900 p.
1013 819 1074 885 778
1097 818 1130 884 C.
1159 825 1283 900 partem
1315 815 1371 881 διὰ
1401 814 1439 881 δὲ

388 928 445 1018 τὴν
467 922 635 1017 ἀφθονίαν
665 931 708 996 ad
729 926 825 1014 μέχρι
848 933 965 1014 Συρίας
986 926 1042 994 καὶ
1069 923 1345 1013 Μεσοποταμίας.
1390 927 1438 992 Si-

390 1042 464 1108 mile
486 1042 659 1124 quidquam
691 1061 748 1108 nec
770 1042 862 1108 Diod.
885 1042 942 1106 III.
967 1043 1009 1107 47
1031 1059 1088 1108 nec
1110 1041 1227 1125 Agath.
1250 1042 1301 1116 98,
1323 1041 1366 1106 99
1388 1059 1439 1124 ap.

389 1154 483 1221 Phot
505 1153 647 1235 praebet

474 1265 536 1345 Qui
557 1264 618 1360 loci
633 1283 751 1344 omnes,
773 1282 853 1347 quos
875 1265 969 1331 modo
983 1263 1106 1346 collegi,
1127 1264 1225 1330 etiam
1247 1265 1293 1330 sic
1307 1267 1441 1346 possunt

391 1376 560 1458 explicari,
593 1382 630 1441 ut
651 1378 886 1452 Artemidorum
918 1395 1085 1443 exornasse
1107 1374 1357 1459 Agatharchidis
1385 1377 1440 1441 de-

391 1489 594 1571 scriptionem
627 1493 807 1572 statuatur,
840 1508 910 1556 cum
941 1489 1101 1553 Diodorus
1133 1493 1166 1553 et
1198 1487 1352 1567 Photius,
1386 1487 1442 1570 qui

392 1599 526 1665 eundern
549 1603 739 1683 sequantur,
761 1601 882 1683 optime
904 1601 1093 1684 conspirent.
1139 1599 1201 1664 Sed
1224 1605 1331 1665 manet
1352 1599 1441 1665 locus

277 1797 280 1802 Ι
392 1711 507 1778 summi
536 1711 704 1791 momenti,
735 1712 790 1795 qui
820 1713 861 1778 de
881 1711 1136 1796 Ichthyophagis
1160 1710 1353 1793 compositus
1383 1713 1441 1775 est.

393 1823 548 1902 Quicum
571 1823 667 1888 aliter
688 1822 830 1907 intellegi
852 1830 988 1906 nequeat
1018 1830 1115 1904 atque
1145 1841 1204 1905 ego
1235 1821 1313 1903 leci,
1344 1822 1442 1888 etiam

394 1934 509 2015 reliqui
531 1935 641 1999 eadem
660 1935 784 2000 ratione
806 1935 986 2016 explicandi
1007 1938 1088 2000 sunt.
1133 1935 1217 2018 Ergo
1240 1933 1443 2000 manifestum

394 2051 442 2113 est
471 2065 525 2128 ea,
552 2064 634 2129 quae
664 2045 749 2111 solus
778 2045 999 2112 Artemidorus
1030 2046 1180 2128 praebet,
1212 2045 1443 2128 Agatharchidi

395 2177 456 2224 non
479 2175 610 2240 prorsus
631 2156 846 2223 abiudicanda
868 2175 946 2223 esse.

481 2269 569 2335 Haec
583 2268 692 2346 habui,
715 2269 755 2334 de
776 2268 837 2334 hac
858 2269 947 2335 sinus
964 2269 1093 2336 Arabici
1114 2287 1172 2334 ora
1186 2287 1267 2351 quae
1290 2269 1443 2349 dicerem;

396 2387 524 2447 transeo
549 2399 632 2447 nunc
662 2381 703 2445 ad
733 2398 821 2461 eam,
852 2397 934 2461 quae
965 2381 997 2445 in
1021 2380 1226 2464 sequentibus
1248 2399 1267 2446 a
1290 2378 1465 2447 Strabone

396 2497 573 2558 enarratur.
617 2490 726 2568 Quam
742 2491 958 2572 quaestionem
981 2493 1091 2557 eadem
1105 2512 1108 2518 ’
1124 2492 1246 2557 ratione
1269 2491 1454 2573 instituam.

397 2622 460 2684 qua
480 2603 544 2668 iam
566 2602 704 2686 priorem
727 2605 768 2668 de
790 2603 1014 2687 Troglodytica
1043 2623 1100 2669 ora
1121 2603 1255 2686 perfeci,
1283 2609 1338 2685 ut,
1367 2605 1444 2686 quid

398 2713 514 2780 Strabo
536 2733 599 2779 una
621 2734 691 2782 cum
713 2715 853 2780 Diodoro
883 2716 932 2781 vel
956 2715 1068 2781 Photio
1097 2716 1223 2796 tradat,
1252 2716 1286 2781 id
1307 2715 1445 2796 primunr

397 2829 549 2892 statuam.

484 2938 566 3003 Tota
587 2938 606 3021 ξ
631 2937 670 3004 18
693 2957 725 3020 p.
741 2939 909 3006 llo—778
932 2938 965 3004 0.
987 2940 1097 3005 eodem
1129 2939 1222 3004 modo
1244 2940 1331 3022 apud
1352 2939 1446 3005 Diod.

397 3052 456 3117 III.
478 3049 621 3130 42-45;
644 3050 663 3133 ἓ
683 3051 722 3117 19
744 3069 773 3132 p.
792 3050 852 3116 778
869 3050 903 3116 d.
926 3050 966 3117 ab
989 3051 1079 3116 initio
1094 3069 1194 3134 usque
1216 3051 1257 3117 ad
1280 3049 1318 3116 cd
1341 3049 1446 3138 δῆγμα

398 3159 523 3244 bigorrae
546 3156 720 3249 ἀνήκεσαον
750 3163 867 3244 legitur
889 3163 975 3244 apud
998 3163 1089 3228 Diod.
1112 3162 1174 3228 ΙΙΙ.
1194 3163 1322 3228 46-47
1345 3181 1446 3246 usque

400 3276 441 3342 ad
464 3274 562 3341 verba
584 3275 618 3357 (5
633 3275 653 3339 2
669 3274 763 3357 extr.)
778 3270 836 3338 τὸν
855 3272 981 3360 χρῶαα;
1004 3291 1086 3355 quae
1101 3280 1256 3356 sequntur
1276 3275 1317 3340 ad
1335 3279 1447 3340 Maco-

401 3381 568 3469 ποταμίας
596 3403 698 3467 neque
720 3387 807 3467 apud
837 3386 1012 3451 Diodorum
1042 3404 1144 3469 neque
1175 3387 1262 3468 apud
1284 3386 1446 3470 Agathar-

400 3497 535 3578 chrdem
550 3500 586 3562 u
599 3498 662 3564 iam
673 3498 789 3578 monui,
805 3496 1016 3586 inveniuntur.
1050 3498 1086 3562 In
1098 3498 1222 3580 reliqua
1237 3504 1343 3563 autem
1354 3504 1447 3579 par

399 3608 593 3692 paragraphi
615 3609 699 3675 idem
721 3609 899 3691 profertur,
922 3610 1007 3691 quod
1029 3610 1115 3692 apud
1139 3610 1231 3676 Diod.
1254 3610 1313 3674 III.
1334 3610 1387 3693 47,
1410 3611 1446 3676 2:

365 3709 366 3714 ¹
388 3713 493 3785 ’‘ldma
514 3717 600 3786 δέτι
622 3721 665 3786 ad
688 3713 861 3806 ἀλλότριον
883 3721 1026 3787 πλοῦτον
1047 3722 1080 3805 (ξ
1095 3721 1115 3787 8
1131 3721 1234 3807 extrq)
1256 3721 1447 3788 distantum

401 3830 505 3897 verbis
527 3833 683 3915 exceptis:
713 3829 747 3897 ἐν
774 3825 929 3919 χλιδῇδ’
961 3830 1032 3899 ἐστὶ
1053 3829 1217 3922 γυναικείᾳ
1246 3835 1289 3900 ad
1310 3828 1447 3901 εὐωδέσ-

400 3961 498 4008 τατον
518 3939 681 4029 θυμιαμα.
725 3943 813 4012 Haec
835 3943 942 4010 a'utem
975 3946 1063 4028 apud
1084 3945 1233 4013 Photium
1264 3947 1448 4012 traduntur.

486 4052 574 4136 Quae
596 4055 615 4138 ξ
637 4055 679 4122 20
700 4076 730 4139 p.
748 4056 809 4120 779
832 4057 865 4122 O.
897 4058 936 4123 de
958 4057 1083 4123 nomine
1112 4056 1199 4122 rubri
1229 4063 1326 4124 marls
1354 4077 1449 4142 expo-
