3292 5006
620 455 829 520 „53-

199 621 384 704 descriptio,
417 641 480 703 qus
502 629 535 688 et
558 623 634 688 litus
663 625 752 712 sinus
773 625 901 692 Arabici
924 627 965 690 ad
988 633 1092 692 ortum
1115 645 1248 708 vergens

199 738 231 798 et
252 735 380 814 populi,
409 733 515 816 quiin
540 734 604 798 iliis
626 735 808 816 regionibus
830 737 994 816 habitant,
1025 745 1171 804 accurate
1193 741 1248 804 de-

198 846 381 927 pinguntur.
426 845 522 910 Initio
545 847 563 927 §
589 846 627 910 18
650 867 681 928 p.
697 847 760 913 776
783 847 816 912 C.
840 849 990 930 leguntur
1012 850 1123 914 verba:
1153 843 1245 914 Ταῦτ’
1333 881 1335 887 ·

198 951 302 1020 εἰπών
326 953 488 1042 περὶτῶν
515 956 753 1041 Τρωγλοδυτῶν
782 956 838 1022 καὶ
866 958 931 1022 τῶν
953 956 1155 1045 προσχώρων
1176 958 1247 1027 Αἱ-

199 1063 332 1131 διόπων
355 1063 525 1132 ἐπάνεισιν
548 1071 601 1147 (sc.
621 1061 877 1156 Ἀρτεμίδωρος)
909 1067 966 1135 ἐπὶ
989 1070 1063 1148 τοὺς
1082 1068 1246 1157 Ἄραβος.

197 1179 275 1244 Ιοδε
297 1188 433 1261 apparet
455 1199 508 1255 es,
539 1198 620 1260 quoe
643 1181 725 1244 inter
748 1181 805 1253 hos
835 1182 914 1246 duos
943 1182 1027 1249 locos
1049 1189 1168 1265 extant,
1191 1193 1247 1250 sut

199 1293 346 1357 universa
367 1297 423 1355 aut
447 1310 561 1372 magna
592 1311 630 1356 ex
651 1299 744 1374 parte
775 1312 812 1357 ex
836 1295 1037 1360 Artemidoro
1059 1297 1248 1379 deprompto

198 1423 273 1469 esse.
330 1403 418 1480 Quae
448 1405 585 1484 suspicio
614 1404 664 1469 vel
696 1403 769 1468 inde
802 1404 1021 1488 confirmatur,
1057 1410 1141 1488 quod
1178 1427 1247 1475 sac·
1346 1459 1349 1465 -

198 1515 327 1597 pissime
357 1516 505 1598 leguntur
536 1513 688 1579 formulae
719 1515 812 1580 istius
842 1517 942 1581 modi:
976 1519 994 1600 ξ
1021 1520 1059 1582 14
1080 1539 1110 1602 p.
1128 1521 1191 1585 774
1214 1520 1247 1588 O.

198 1621 297 1712 (μησίν
314 1676 321 1690 .
339 1676 370 1691 ..
403 1627 420 1708 ξ
445 1625 485 1690 15
518 1645 548 1706 p.
572 1627 634 1692 774
658 1625 690 1692 0.
722 1618 834 1711 ὥσπερ
862 1619 1107 1715 Ἀρτεμίδωρός
1138 1652 1248 1717 φησιν.
1373 1658 1376 1664 ·

199 1742 242 1820 (p.
260 1737 322 1804 775
345 1738 393 1821 Ο.)
417 1735 541 1813 ἐκεῖνος
564 1735 600 1800 δὲ
623 1736 870 1822 προσδιασαφεῖ
887 1787 894 1801 .
913 1788 944 1802 ..
976 1740 994 1822 ξ
1019 1741 1059 1807 16
1082 1761 1112 1823 p.
1129 1742 1192 1808 775
1215 1742 1248 1808 G.

199 1843 276 1913 ὅσον
297 1843 421 1935 εἴρηκεν
439 1841 683 1941 Ἀρτεμίδωρος
753 1899 784 1912 ..
808 1845 978 1935 φησίν...
1002 1845 1046 1927 ὥς
1069 1871 1167 1938 φησιν
1189 1843 1245 1916 οὗ-

199 1984 276 2037 τος.
294 2010 301 2024 .
319 2011 349 2025 ..
379 1955 505 2046 εἴρηκεν
528 1954 781 2046 Ἀρτεμίδωρος.
840 1962 941 2043 Quid,
973 1965 1059 2042 quod
1089 1963 1127 2027 iis
1160 1964 1247 2044 loeiS,

199 2073 312 2154 quibus
342 2091 403 2136 non
433 2071 570 2137 dilucide
603 2070 805 2153 exprimitur,
845 2090 1013 2152 quemnam
1044 2073 1160 2138 Strabo
1201 2074 1246 2138 lo-

199 2191 344 2267 quentem
368 2181 475 2262 facist,
497 2183 570 2246 iliae
593 2183 748 2246 dictiones
778 2184 904 2248 omnino
927 2203 986 2248 non
1009 2184 1263 2265 intelleguntur,

200 2298 260 2361 nisi
283 2296 333 2361 vel
356 2315 413 2377 per
436 2300 535 2359 totam
553 2295 601 2359 vel
625 2312 682 2374 per
706 2295 873 2358 maximam
889 2302 1013 2376 partem
1037 2315 1098 2362 uno
1122 2297 1246 2385 eodem-

198 2428 259 2491 que
281 2408 438 2489 scriptore
455 2406 570 2472 Strabo
594 2424 668 2469 usus
691 2407 763 2470 est?
807 2406 876 2472 Hoc
899 2411 986 2471 certo
1007 2409 1108 2472 statui
1130 2413 1246 2488 potest,

198 2519 342 2585 omnibus
363 2519 451 2599 locis,
476 2517 529 2582 ubi
552 2517 607 2582 illa
622 2517 719 2582 verba
742 2536 761 2581 a
784 2536 833 2583 me
851 2517 983 2583 collecto
1005 2518 1164 2599 leguntur,
1189 2523 1247 2584 Ar·

115 2625 118 2632 ’
199 2631 387 2696 tumidorum
418 2629 537 2696 fontem
568 2629 674 2694 fuisse.
727 2629 840 2710 Itaque
870 2648 931 2694 non
960 2629 1069 2710 video,
1098 2631 1174 2712 quid
1205 2632 1248 2696 sit

199 2761 321 2824 causae,
344 2761 399 2807 cur
422 2741 551 2819 Stiehlo,
573 2738 644 2806 cuni
666 2738 847 2821 1111222
869 2739 1048 2822 fragmento
1071 2742 1148 2821 eius,
1165 2760 1247 2822 quae
1333 2828 1336 2835 Ι

199 2855 239 2918 ad
255 2853 496 2934 Troglodyticen
520 2856 675 2934 spectant,
698 2860 908 2932 componeret,
932 2851 1044 2916 ultimo
1058 2853 1155 2919 verbo
1171 2854 1189 2935 ξ
1206 2854 1247 2916 14

198 2985 227 3047 p.
244 2967 307 3032 774
331 2964 364 3029 Ο.
388 2966 460 3046 et§
487 2962 525 3029 15
546 2983 577 3045 p.
595 2964 666 3042 774,
689 2961 751 3028 775
775 2962 807 3028 O.
831 2981 889 3026 non
914 2963 989 3027 item
1013 2962 1095 3026 inter
1117 2963 1175 3028 hos
1198 2982 1246 3026 re-

197 3079 313 3160 liquias
336 3077 497 3157 receperit.
543 3075 659 3142 Temen
683 3075 821 3139 nondum
844 3073 919 3139 licet
941 3075 1055 3152 omnia,
1077 3091 1158 3154 quae
1173 3074 1247 3139 inde

199 3182 218 3254 o
239 3191 257 3272 ξ
280 3188 300 3255 5
322 3208 352 3270 p.
370 3188 432 3252 769
456 3187 488 3253 C.
519 3189 560 3252 ad
592 3188 609 3268 ξ
634 3187 673 3251 18
696 3204 726 3266 p.
744 3185 805 3250 776
829 3185 861 3252 C.
893 3190 1078 3265 narrantur,
1107 3185 1246 3250 Artemi-

200 3303 276 3367 doro
304 3300 463 3378 tribuere,
494 3317 563 3363 cum
596 3297 752 3362 nonnullis
783 3297 859 3361 locis
890 3296 1004 3361 Strabo
1037 3296 1086 3362 vel
1119 3297 1159 3361 de
1191 3315 1247 3361 suo

199 3433 299 3494 pauca
330 3411 515 3488 inseruerit,
551 3415 586 3475 ut
615 3411 633 3492 ἓ
659 3410 698 3476 15
721 3429 751 3491 p.
777 3409 839 3473 774
862 3406 900 3472 O:
935 3399 1025 3471 οὗτοι
1055 3405 1092 3471 δὲ
1130 3407 1247 3492 μικρὸν

200 3519 439 3590 ἀπολείπονται
472 3521 536 3586 τῶν
569 3516 826 3606 ἐλεφάντων...
866 3515 902 3582 ἐκ
934 3517 995 3603 μὲν
1029 3515 1068 3605 δὴ
1100 3516 1156 3583 τοῦ
1193 3510 1244 3604 ὑφ’

200 3633 287 3724 ἡμῶν
308 3629 489 3722 δραθέντος
510 3628 612 3698 τοῦτοί
633 3654 741 3717 φαμεν
763 3626 871 3720 ἡμεῖς,
903 3629 952 3695 vel
984 3649 1023 3694 ex
1044 3629 1116 3695 aliis
1147 3630 1246 3711 scrip·

201 3749 323 3814 toribus
346 3754 382 3811 ut
405 3746 480 3829 §16
503 3766 533 3828 p.
552 3744 613 3810 775
630 3745 666 3810 G:
689 3731 710 3808 δ
733 3735 764 3806 δ’
790 3737 808 3806 ὁ
833 3737 980 3829 Σκήψιος
1001 3739 1084 3825 λέγει
1109 3735 1246 3827 Μητρό-
1369 3776 1371 3780 -

202 3859 303 3944 δωρος
324 3856 358 3924 ἐν
380 3861 426 3944 τῷ
449 3854 525 3943 περὶ
549 3850 721 3942 συνηθείας
742 3849 861 3938 βιβλίῳ
883 3849 1006 3937 μύδοις
1028 3847 1112 3918 ἔοικε
1136 3849 1192 3916 καὶ
1208 3844 1244 3915 οὗ

203 3967 411 4058 φροντιστέον
433 3962 547 4034 αὐτῶν.

285 4085 373 4166 Quae
396 4101 466 4149 oum
497 4083 545 4146 ito
567 4081 644 4161 sint,
677 4078 813 4162 primum
844 4077 877 4142 id
910 4077 1080 4163 petendum
1114 4080 1179 4160 est,
1210 4081 1244 4140 ut
