3300 5018
683 441 895 508 ..17-

263 611 431 679 concludit.
483 609 622 677 Lubrica
651 616 757 678 autem
790 632 846 679 nec
877 612 956 679 satis
987 611 1076 678 firmo
1106 611 1311 679 fundamento

261 729 424 790 exstructa
439 727 489 788 est
511 722 590 788 hoec
605 723 795 806 coniectura,
819 743 889 790 oum
909 723 1038 789 minime
1060 725 1310 791 demonstratum

260 835 303 899 sit
334 836 431 900 etiam
455 834 539 917 apud
563 833 667 899 Strab.
692 834 784 901 XVII
805 836 845 917 3,
868 836 890 900 2
911 855 942 917 p.
965 835 1028 902 825
1051 835 1085 902 C.
1118 837 1311 902 Artemidori

261 945 475 1028 fragmentum
499 947 607 1012 latere.
652 946 764 1026 Itaque
787 947 974 1028 priusquam
990 947 1214 1030 disceptemus,
1237 967 1310 1012 num

260 1077 296 1124 re
318 1077 394 1122 uera
416 1057 456 1122 ab
474 1056 674 1123 Artemidoro
697 1057 786 1123 tertii
807 1057 881 1125 libri
903 1059 990 1125 locus
1007 1058 1160 1140 originem
1183 1059 1310 1140 habeat,

261 1169 442 1235 accuratius
465 1168 677 1234 examinemus
700 1168 805 1236 Strab.
828 1169 918 1235 XVII
941 1171 971 1250 3,
994 1172 1024 1235 2.

348 1281 410 1359 Qui
432 1284 504 1361 post
525 1280 810 1347 Zimmermannum
842 1282 882 1348 de
911 1281 971 1348 hoc
1002 1281 1071 1349 loco
1104 1282 1186 1365 egit,
1211 1283 1310 1366 Vogel

164 1463 166 1469 ,
264 1390 352 1475 (Ph.)
375 1392 537 1457 contendit
560 1391 747 1459 Strabonem
778 1391 830 1459 hic
860 1393 1054 1459 Artemidori
1085 1395 1310 1461 auctoritatem

261 1504 358 1586 sequi.
405 1503 496 1582 Quod
525 1508 558 1570 et
581 1523 619 1568 ex
640 1503 771 1570 laudato
793 1504 847 1570 illo
870 1505 1025 1587 scriptore
1048 1505 1189 1587 elucere,
1218 1512 1310 1572 etex

262 1615 310 1697 iic,
333 1634 414 1697 quac
436 1615 522 1697 apud
547 1615 655 1698 Stepb.
678 1617 764 1698 Byz,
786 1636 810 1682 s.
826 1637 856 1682 v.
880 1610 979 1701 Λύγξ
1001 1622 1118 1682 extent.
1164 1618 1310 1683 Alterum

261 1727 320 1794 hoc
342 1727 566 1806 concedamus,
589 1746 626 1790 ex
649 1727 850 1793 Artemidoro
872 1727 1005 1794 formam
1028 1723 1127 1812 Λύγξ
1149 1735 1309 1811 sumptam

261 1857 347 1918 csse;
378 1840 434 1904 sed
459 1837 536 1903 nihil
559 1844 726 1919 praeterea
748 1839 801 1904 nel
823 1858 861 1904 ex
884 1838 1049 1906 Strabonis
1071 1839 1177 1906 verbis
1199 1840 1248 1906 vel
1271 1861 1310 1906 ex

162 2030 164 2035 Ι
261 1949 422 2033 Stephano
445 1949 589 2016 concludi
612 1956 727 2032 potest.
771 1951 842 2016 Huc
865 1951 998 2030 accedit,
1021 1953 1104 2032 quod
1130 1952 1215 2016 idem
1237 1970 1309 2033 spa·

260 2063 357 2143 tium,
390 2062 474 2143 quod
503 2061 635 2126 interest
665 2061 748 2126 inter
779 2063 890 2145 Lynga
920 2067 954 2127 et
985 2061 1146 2128 columnas
1176 2080 1202 2129 c.
1227 2064 1257 2142 3,
1289 2064 1308 2128 6

260 2194 291 2256 p.
314 2174 376 2238 827
401 2173 435 2240 O.
465 2173 580 2238 iterum
611 2174 839 2256 perstringitur
869 2179 966 2257 atque
1000 2173 1124 2240 diverso
1155 2193 1174 2239 a
1205 2174 1310 2256 priore

260 2285 328 2351 loco
351 2285 468 2351 ordine.
513 2286 610 2368 Atqui
627 2285 726 2367 Vogel
748 2287 780 2351 in
803 2286 863 2352 hac
885 2304 1010 2368 quoqne
1031 2285 1234 2368 paragrapho
1250 2288 1308 2351 Ar-

263 2397 453 2462 temidorum
486 2403 648 2469 auctorem
671 2398 794 2463 statuit.
840 2397 902 2463 Sed
925 2398 1081 2479 quomodo
1102 2397 1170 2464 fieri
1194 2404 1310 2480 potest,

261 2515 297 2572 ut
319 2509 429 2574 eadem
454 2508 539 2591 regio
562 2510 733 2576 secundum
766 2510 900 2576 eundem
923 2514 1084 2575 auctorem
1106 2510 1201 2591 paulo
1224 2509 1307 2575 infra

260 2619 375 2685 iterum
399 2619 624 2686 describatur?
668 2620 737 2687 Hoc
770 2639 820 2684 me
851 2618 1001 2702 profiteor
1031 2639 1092 2685 non
1115 2620 1307 2704 intellegere.

258 2731 430 2799 Praeterea
452 2750 491 2797 ne
514 2731 717 2798 consentiunt
739 2732 866 2814 quidem
889 2732 973 2797 inter
996 2749 1030 2797 se
1051 2732 1112 2798 hae
1131 2733 1214 2797 duae
1236 2751 1332 2814 par·-

258 2851 316 2911 tcs.
359 2845 378 2927 ἓ
402 2847 422 2910 2
452 2845 535 2910 enlm
549 2849 775 2909 'memorantur
807 2861 894 2908 mons
918 2843 1026 2926 Atlas,
1055 2843 1307 2936 promunturium

150 2997 152 3001 -
261 2956 364 3038 Gotes,
386 2957 486 3038 Lynx,
508 2955 562 3039 §6
585 2963 692 3021 autem
708 2955 807 3040 Lynx,
829 2953 922 3036 Zelis,
945 2954 1054 3036 Tingis
1070 2954 1145 3046 (?)·.
1168 2953 1309 3032 Quarum

260 3085 365 3132 rerum
388 3067 415 3132 si
437 3067 591 3132 rationem
613 3067 837 3146 habuerimus,
866 3067 908 3131 ad
935 3064 1018 3132 hanc
1040 3085 1097 3132 nos
1120 3067 1309 3132 sententiam

263 3183 341 3259 puto
364 3184 572 3260 perventuros
593 3197 663 3244 esse
678 3179 779 3246 altero
801 3179 869 3244 loco
884 3177 1020 3243 alterum
1042 3176 1161 3243 fontem
1184 3177 1310 3243 adhibi·
1411 3203 1412 3206 ¹

262 3293 331 3354 tum
354 3307 438 3369 essc3
468 3287 538 3354 fieri
560 3289 659 3370 igitur
681 3309 739 3355 non
763 3308 873 3373 posse,
901 3294 938 3354 ut
960 3294 1094 3370 utroque
1123 3287 1207 3353 idem
1230 3286 1311 3353 liber

260 3407 429 3483 excerptus
450 3401 502 3465 sit.
546 3401 650 3481 Atque
673 3420 730 3482 ego
747 3400 914 3484 Vogelium
937 3400 1009 3466 ideo
1023 3398 1130 3479 laudo,
1152 3399 1236 3480 quod
1255 3400 1309 3481 §6

260 3511 465 3578 Artemidoro
480 3510 605 3592 tribuit,
627 3531 697 3578 cum
720 3511 764 3577 ibi
780 3512 859 3577 haec
881 3509 984 3603 forma
1006 3511 1139 3577 nominis
1154 3515 1310 3593 usurpata

259 3626 320 3705 sit,
352 3643 447 3707 quam
478 3623 563 3689 illius
594 3624 758 3706 scriptoris
788 3623 950 3706 propriam
980 3621 1076 3688 luisse
1100 3621 1215 3688 Strabo
1238 3640 1309 3703 pro·

258 3736 395 3802 nuntiat.
449 3734 551 3812 Quam
574 3735 751 3815 opinionem
782 3734 1042 3802 verisimillimam
1074 3734 1196 3812 reddit,
1226 3733 1309 3814 quod

261 3847 421 3929 §dendo
453 3846 675 3929 descriptionis
706 3847 789 3913 idem
822 3854 881 3924 est,
912 3864 1004 3928 quem
1028 3847 1248 3914 Artemidorus
1279 3845 1310 3910 in

262 3960 438 4024 enarranda
460 3959 521 4025 hac
544 3960 670 4040 regione
693 3959 841 4040 serravit,
873 3977 945 4024 cum
967 3958 1112 4024 ordiatur
1132 3957 1268 4038 scriptor
1290 3975 1309 4020 a

262 4070 401 4136 meridie.
446 4069 530 4147 Quid
554 4071 636 4136 enim
670 4089 785 4137 causae
806 4069 886 4152 tuit,
919 4089 974 4136 our
997 4069 1112 4137 Strabo
1145 4069 1311 4146 aberraret

1088 4178 1105 4238 2
