3300 5018
572 412 892 478 ...7-

281 565 319 669 ἢν
340 574 437 666 Αἶγα
459 581 491 650 οἳ
509 568 679 670 ἐπὶχώρισι
701 578 923 669 ὀνομάζουσιν,
947 578 1001 671 ἀφ’
1026 574 1062 671 ἧς
1083 583 1141 650 καὶ
1162 583 1200 650 τὸ
1223 584 1330 651 πέλα·
1403 607 1406 614 ’

282 716 338 778 γος
367 690 517 780 τοιαύτην
548 689 728 781 ὀνομασίαν
760 692 988 783 προσείληφεν,
1018 691 1063 774 ὡς
1087 690 1333 782 Ἀρνεμίδωρός

284 826 392 892 φησιν.

367 919 508 985 Priorem
537 939 631 1003 quam
655 921 721 986 dixi
750 927 874 1002 partem
898 920 1120 1002 descriptionis
1143 919 1331 986 Strabonem

283 1031 475 1112 Apollodoro
497 1033 631 1112 debere,
662 1037 830 1115 postquam
854 1031 995 1115 Niese1)
1025 1033 1065 1097 de
1095 1032 1145 1096 his
1168 1031 1333 1096 Strabonis

282 1140 372 1206 libris
395 1143 556 1222 disseruit,
578 1144 790 1210 certissimum
813 1149 872 1210 est.

368 1254 421 1318 lta
443 1255 692 1320 demonstratum
716 1260 766 1320 est
789 1255 975 1321 Strabonem
998 1254 1095 1319 etiam
1119 1254 1151 1318 in
1174 1253 1235 1319 hac
1251 1253 1332 1319 Geo-

283 1364 505 1446 graphicorum
528 1372 621 1448 parte
645 1368 724 1431 duas
747 1366 976 1448 descriptiones
998 1366 1246 1442 contaminasse,
1269 1383 1333 1446 qua

174 1521 176 1526 ,
284 1477 468 1560 quaestione
482 1477 638 1558 absoluta,
651 1479 744 1543 'unde
759 1478 820 1543 huc
836 1478 997 1558 digressus
1019 1495 1099 1558 sum,
1123 1495 1158 1542 eo
1181 1475 1259 1540 mihi
1281 1492 1332 1539 re-

281 1590 441 1654 deundum
473 1595 530 1655 est.
585 1591 719 1655 Interim
740 1595 847 1655 tamen
879 1589 990 1670 paucis
1012 1587 1204 1653 adumbrare
1226 1587 1332 1667 liceat,

283 1717 451 1780 quemnam
466 1709 627 1768 auctorem
644 1702 758 1767 Strabo
773 1701 860 1766 XIII.
877 1703 897 1766 2
919 1720 950 1782 p.
961 1699 1131 1766 616-619
1148 1699 1181 1766 C.
1194 1699 1225 1762 in
1237 1697 1330 1764 Lesbi

283 1812 417 1878 circuitu
440 1814 684 1894 perstringendo
707 1819 835 1880 secutus
858 1813 910 1878 sit.

366 1923 519 1988 Videmus
549 1944 618 1989 eum
649 1926 680 1989 in
712 1925 888 1989 enarrando
918 1924 982 1988 situ
1011 1923 1132 1988 insulae
1155 1921 1332 1992 consentire

281 2052 352 2098 cum
380 2052 416 2099 eo
440 2035 608 2100 memoriae
632 2055 761 2116 genere,
783 2035 870 2118 quod
890 2034 993 2115 primo
1016 2033 1110 2099 huius
1132 2033 1204 2099 libri
1226 2033 1331 2113 capite

281 2147 485 2212 Artemidoro
520 2147 696 2228 adsignari.
751 2145 838 2211 Dicit
873 2147 955 2211 enim
988 2146 1136 2211 Lesbum.
1160 2144 1199 2210 ab
1233 2144 1330 2208 Lecto

282 2257 502 2338 promunturio
527 2275 625 2340 usque
647 2259 689 2322 ad
705 2257 809 2322 Osnas
831 2255 917 2322 litori
932 2257 1088 2323 adiacere.
1133 2256 1225 2335 Quod
1241 2273 1331 2320 nemo

283 2368 388 2434 dicere
410 2374 533 2450 potest,
563 2369 624 2434 nisi
647 2369 700 2450 qui
724 2368 827 2435 Canas
854 2369 888 2432 id
910 2368 1163 2450 promunturium
1187 2384 1256 2432 esse
1278 2384 1330 2430 su·

281 2480 349 2558 mit,
371 2480 466 2563 quod,
489 2486 525 2545 ut
540 2481 603 2546 iam
626 2499 722 2562 supra
737 2480 877 2562 exposui,
899 2477 1205 2561 aseptentrionibus
1225 2479 1330 2542 sinum

282 2591 453 2659 Elaitieum
476 2592 605 2659 claudit.
650 2593 718 2658 Hoc
747 2597 834 2658 recte
864 2594 1062 2673 disputatum
1094 2609 1177 2664 esse,
1208 2589 1330 2670 liquido

279 2707 371 2784 patet
394 2722 432 2768 ex
462 2704 549 2769 XIII.
572 2705 608 2786 2,
639 2705 659 2769 2
690 2725 721 2786 p.
745 2705 808 2771 617
833 2703 874 2783 0.,
905 2703 958 2769 ubi
981 2700 1154 2783 Mytilenen
1186 2721 1205 2764 a
1233 2700 1331 2765 Malia

279 2817 499 2894 promunturio
531 2817 572 2883 70
596 2823 647 2896 st,
676 2835 696 2881 a
727 2815 822 2882 Canis
861 2816 923 2880 120
950 2821 990 2879 st.
1019 2813 1130 2879 abesse
1158 2810 1329 2894 profertur.

281 2926 404 3004 Quibus
427 2929 468 2993 de
490 2928 594 2993 causis
615 2928 786 2993 verisimile
808 2935 857 2993 est
875 2927 1110 2992 Artemidorum
1125 2922 1184 3015 ‘hic
1206 2941 1330 3005 quoque

281 3036 446 3104 Strabonis
476 3045 637 3106 auctorem
660 3038 774 3119 fuisse,
807 3040 906 3103 multo
928 3042 1035 3102 autem
1059 3033 1262 3102 verisimilius
1285 3052 1330 3112 eo,

282 3151 367 3230 quod
394 3150 457 3215 alia
487 3151 609 3218 indoles
638 3157 689 3218 est
711 3150 804 3217 huius
834 3148 1057 3231 descriptionis
1087 3152 1184 3231 atque
1212 3164 1330 3223 eorum,

281 3278 363 3342 quae
385 3264 589 3342 praecedunt.
633 3262 715 3328 Nam
747 3280 817 3327 cum
848 3263 910 3327 huc
942 3278 1041 3342 usque
1064 3259 1179 3324 Strabo
1201 3256 1330 3339 Apollo·

282 3375 394 3462 dorum
418 3379 546 3439 secutus
561 3375 594 3439 id
610 3375 780 3456 praecipue
795 3373 961 3440 enucleare
983 3371 1152 3452 studuerit,
1175 3388 1330 3451 quaenam

281 3491 387 3550 essent
414 3504 491 3552 suae
520 3487 637 3551 aetatis
659 3487 804 3568 regiones
825 3504 863 3551 ae
884 3485 968 3564 loca,
999 3501 1132 3566 quorum
1154 3482 1243 3564 apud
1265 3481 1330 3545 Ho-

282 3615 404 3663 merum
428 3599 460 3666 in
493 3598 619 3664 navium
642 3597 798 3679 catalogo,
828 3597 882 3678 qui
905 3596 1039 3676 dicitur,
1072 3593 1262 3659 mentionem
1284 3591 1330 3656 le-

281 3711 401 3792 gimus,
423 3712 457 3776 in
480 3711 659 3776 enarranda
680 3710 782 3776 Lesbo
804 3709 863 3773 boo
886 3725 944 3773 nec
966 3713 1087 3773 tractat
1110 3723 1166 3769 nce
1189 3709 1355 3806 tractare⁸

370 3964 398 4040 1)
421 3963 527 4040 Niese,
548 3954 743 4039 tApollodoro
765 3960 954 4018 commentar
983 3977 1050 4015 zum
1078 3956 1327 4028 Schiffskateloge

193 4115 196 4122 ‚
281 4049 325 4109 als
347 4049 451 4114 Quelle
475 4045 614 4110 Strabos’.
659 4049 736 4107 Mus.
759 4046 855 4108 Rhen.
881 4043 971 4120 1877,
995 4039 1121 4107 XXXII
1143 4064 1172 4124 p.
1189 4045 1259 4104 267.
