3292 5006
598 393 810 462 ,65-

180 564 266 650 ann.)
290 563 452 646 faciemus,
473 566 528 648 qui
543 566 714 633 multorum
731 567 931 650 oppidorum,
953 571 1113 652 portuum,
1136 589 1228 638 nena-

180 677 310 757 tionum,
333 695 413 758 quae
429 678 544 745 Strabo
559 686 733 761 enumerat,
755 682 841 763 apud
858 681 1128 762 Agatharchidem
1144 702 1229 748 men·

179 789 296 855 tionem
319 787 416 855 inisse
439 795 551 872 negat:
580 791 654 856 inde
677 792 778 873 enim,
810 793 894 874 quod
917 791 1047 858 Diodori
1080 797 1112 858 et
1135 790 1229 860 Photi

179 905 328 982 excerpta
349 901 434 967 iuter
463 919 497 966 se
519 903 638 985 optime
666 907 699 969 et
728 903 907 971 arctissime
929 905 1107 986 concinant,
1130 923 1230 988 appa-

178 1031 247 1078 rere
269 1013 518 1094 Agatharchidis
541 1014 696 1079 rationem
719 1021 752 1078 et
775 1014 912 1080 indolem
935 1016 1031 1080 talem
1053 1013 1171 1098 fuisse,
1193 1022 1229 1082 ut

178 1127 305 1206 praeter
321 1125 456 1190 maiores
477 1143 551 1191 orae
569 1124 668 1190 flexus
690 1126 908 1192 memorabilia
923 1132 1048 1192 tantum
1071 1129 1227 1209 quaedam

179 1242 416 1317 memoratoque
439 1236 536 1318 digua
559 1237 701 1303 offerret:
724 1238 832 1318 itaque
855 1255 894 1304 ne
909 1239 1077 1305 Berenices
1099 1238 1227 1321 quidem

179 1366 248 1412 eum
265 1348 454 1413 mentionem
478 1347 598 1414 iecisse.
644 1348 707 1415 Sed
723 1369 779 1416 cur
801 1350 931 1414 tandem
946 1351 1089 1415 nominat
1103 1351 1228 1433 Aphro·

179 1459 261 1523 dites
284 1458 334 1524 vel
357 1458 458 1525 Muris
480 1464 609 1540 portum
630 1465 661 1525 et
685 1459 907 1526 Ptolemaida?
951 1461 1112 1538 Quaeres
1137 1481 1226 1544 mog·

178 1589 249 1636 nam
273 1570 407 1652 praebet
428 1570 628 1637 offensionem
652 1591 671 1638 a
694 1571 829 1638 Muliero
860 1590 918 1638 non
942 1572 1112 1638 sublatam.
1156 1552 1227 1638 Non

179 1685 259 1747 enim
290 1682 465 1748 credideris
486 1683 588 1750 Muris
619 1688 732 1765 portus
754 1686 943 1750 mentionem
975 1683 1063 1748 nulla
1093 1683 1158 1748 alia
1188 1685 1228 1749 de

179 1811 273 1859 causa
295 1794 443 1859 iniectam
467 1812 551 1875 esse,
579 1794 639 1860 uisi
666 1795 751 1877 quod
781 1795 822 1860 cd
844 1795 970 1861 radices
993 1795 1112 1862 Montis
1134 1796 1228 1860 Ruti·

178 1904 272 1970 lantis
295 1904 376 1970 situs
397 1911 498 1985 esset,
528 1909 586 1969 aut
607 1905 831 1986 Ptolemaide,
861 1925 932 1973 cum
961 1905 1130 1972 observata
1158 1925 1228 1972 um·
1340 1949 1343 1956 -

178 2016 304 2082 brarum
320 2017 444 2082 ratione
466 2018 552 2099 apud
568 2018 767 2100 geographos
789 2023 912 2094 veteres
928 2018 1092 2084 notissima
1106 2017 1227 2083 fuisset.

180 2128 269 2204 Quod
291 2129 319 2192 si
342 2127 613 2209 Agatharchidem
643 2149 678 2195 re
709 2148 784 2194 vera
812 2129 1044 2210 commovisset,
1076 2133 1144 2194 tum
1166 2129 1237 2196 hoc‘

180 2240 314 2321 diserte,
343 2259 403 2305 non
435 2247 500 2305 tam
523 2241 655 2306 obscure
677 2240 837 2322 professus
866 2243 958 2307 esset.
1003 2240 1157 2324 Equidem
1180 2243 1227 2308 sic

179 2353 279 2418 sentio
301 2371 371 2416 eum
404 2352 503 2417 multo
532 2353 639 2434 plures
662 2351 756 2419 urbes
779 2370 995 2432 enumerasse,
1026 2370 1121 2433 quam
1145 2372 1227 2419 nunc

180 2469 211 2528 et
232 2464 318 2546 apud
338 2464 512 2529 Diodorum
536 2468 569 2528 ct
591 2464 623 2528 in
650 2463 744 2529 Photi
767 2464 925 2546 excerptis
948 2463 1105 2545 leguntur.
1150 2464 1228 2531 Cum

179 2594 251 2641 vero
273 2575 394 2657 optime
416 2575 498 2640 iuter
520 2593 553 2639 se
576 2575 775 2641 consentiant
798 2575 831 2640 hi
854 2576 917 2640 duo
939 2576 1122 2657 scriptores,
1144 2595 1228 2642 sem·

179 2704 297 2768 perque
318 2687 429 2752 eadem
452 2686 641 2766 praebeant,
674 2687 785 2752 eadem
807 2685 1003 2768 relinquant,
1036 2705 1094 2768 ego
1117 2688 1225 2753 malim

179 2796 332 2880 suspicari
353 2797 412 2862 hos
434 2798 513 2863 duos
537 2816 595 2862 nou
618 2797 723 2879 ipsum
744 2797 1018 2879 Agatharchidem
1040 2798 1224 2880 inspexisse,

180 2910 232 2974 sed
255 2909 422 2991 epitomen.
467 2910 556 2988 Quae
583 2909 720 2992 suspicio
751 2909 859 2974 multis
890 2909 1066 2975 rationibus
1087 2909 1225 2976 fulcitur.

183 3019 365 3102 Compares,
387 3039 514 3103 quaeso,
536 3021 631 3087 hosce
652 3001 750 3085 locos:

262 3131 383 3213 Agath.
404 3151 455 3214 ap.
479 3130 570 3196 Phoc.
590 3132 715 3197 30—31
728 3152 736 3196 :
750 3125 824 3195 Ὅτι
848 3129 939 3217 παρὰ
962 3129 1019 3218 τὴν
1041 3126 1148 3197 νότιον
1168 3131 1228 3219 τῆς

179 3238 355 3326 Αἰγύπτου
376 3237 484 3308 κλίσιν
505 3236 649 3328 τέσσαρά
672 3238 742 3307 ἐστι
773 3241 861 3328 φίλα
882 3241 923 3307 τα
946 3240 1166 3326 μέγιστα...
1189 3241 1226 3308 τὰ

180 3352 215 3419 δὲ
236 3351 274 3419 ἐκ
288 3353 345 3441 τῆς
360 3349 526 3440 παραλίας
548 3348 737 3440 ὁρμώμενον
751 3351 826 3430 τοὺς
849 3349 967 3434 ἰχθύας
988 3347 1130 3439 ἀγρεῢον.
1146 3355 1226 3438 (31).

184 3467 285 3531 Τοῦτο
308 3463 345 3530 δὲ
367 3459 405 3531 cd
427 3461 519 3550 γένος
540 3459 605 3546 ἔχει
626 3463 688 3549 μὲν
709 3459 783 3530 οὔτε
806 3460 922 3542 πόλεις
945 3459 1017 3531 οὔτε
1029 3461 1139 3552 χώρας
1161 3459 1225 3531 οὔτ’

182 3571 276 3664 ίίλλης
299 3573 445 3658 ἕντέχνου
466 3576 665 3664 κατασκευῆς
686 3571 878 3665 ὑπογραφὴν
899 3569 1061 3662 οὐδεμίαν,
1097 3574 1167 3642 ἐστὶ
1190 3576 1227 3642 δὲ

181 3689 242 3752 τῶν
271 3683 480 3770 ὑπολοίπων,
518 3683 563 3766 ὡς
595 3683 679 3754 ἔνιοί
710 3707 828 3774 φασιν,
857 3686 1027 3773 μέγιστον·
1058 3682 1128 3754 ἀπὸ
1166 3688 1227 3776 γὰρ

182 3795 352 3881 Αὖταίων,
383 3795 420 3866 οἳ
445 3799 502 3866 τὸν
523 3795 658 3881 ἔσχατον
679 3799 779 3885 μυχὸν
800 3803 1021 3881 κατοικοῦσιν,
1052 3789 1089 3864 ὃν
1111 3803 1151 3887 τῇ
1170 3823 1226 3884 με·

184 3907 261 3999 γάλῃ
282 3909 464 3999 συμβέβηκε
492 3908 722 3995 σογκλείεσθαι
751 3907 911 3999 θαλάττῃ,
941 3908 1036 3999 μέχρι
1058 3911 1115 4000 τῆς
1133 3904 1227 3975 Ἰνδι-

184 4020 236 4110 κῆς
256 4020 311 4087 καί
333 4019 545 4110 Κεδρωσίας,
577 4018 626 4088 ἔτι
656 4021 692 4088 δὲ
715 4019 911 4110 Καρμανίας
932 4021 989 4088 καί
1011 4023 1150 4109 Περσῶν
1172 4020 1228 4090 καί

1005 4134 1022 4190 5
