3300 5018
798 375 1011 440 ..34-

384 547 460 612 inde
482 547 521 612 ab
556 541 587 610 oi
611 543 648 610 δὲ
671 539 795 610 Mincio
817 568 899 631 φασι
931 549 974 612 ad
1003 538 1246 628 ἅνααλαόμενος
1279 539 1433 621 σταδίους

385 660 440 725 alii
462 661 586 724 auctori
607 659 738 724 tributis
761 660 890 724 minime
912 659 1107 724 haerendum
1137 657 1228 723 nobis
1258 658 1362 723 estin
1385 676 1432 737 eo,

384 771 468 852 quod
482 772 515 834 in
537 771 741 853 sequentibus
756 769 957 849 Posidonius,
983 771 1072 834 errius
1094 771 1176 835 hanc
1190 770 1434 851 descriptionem

385 900 455 946 osse
471 889 629 962 putamus,
651 883 770 946 diserte
782 881 933 946 laudatur
947 874 1185 958 (Ποσειδώνιος
1200 879 1237 944 δὲ
1252 882 1322 962 aa).
1350 882 1433 946 Zim-

385 1012 548 1059 mermann
571 999 678 1058 autem
700 1013 730 1076 p.
755 991 827 1074 345,
851 1012 922 1058 cum
944 992 1056 1058 Strabo
1078 993 1129 1058 his
1150 992 1256 1057 verbis
1270 992 1435 1056 Posidonii

385 1106 577 1169 sententiam
599 1110 740 1186 opponat
762 1103 856 1170 rebus
878 1103 974 1186 paulo
997 1110 1072 1169 ante
1092 1105 1228 1186 prolatis
1255 1100 1311 1166 καὶ
1340 1091 1435 1179 οὗτος

386 1207 419 1278 d'
440 1211 476 1277 ἐκ
491 1211 702 1301 Κελτιβήρων
715 1212 772 1279 καὶ
788 1206 1051 1299 Οὗαακαίωαρεῖ,
1068 1217 1232 1281 contendit
1246 1215 1434 1281 Lusitaniae

387 1347 460 1392 oras
491 1327 679 1392 Strabonem
710 1346 773 1393 non
805 1327 978 1392 secundum
1001 1325 1221 1407 Posidonium,
1252 1329 1309 1392 sod
1338 1327 1436 1392 alium

387 1439 544 1520 quendam
575 1438 683 1520 (quem
713 1439 951 1503 Artemidorum
983 1457 1053 1502 esse
1083 1439 1145 1504 sibi
1173 1438 1348 1518 persuasit)
1380 1440 1436 1504 de-

386 1551 537 1630 pinxisse.
583 1550 675 1627 Quod
696 1551 852 1616 lubricum
876 1567 947 1614 esse
970 1551 1142 1615 concedent
1174 1552 1370 1633 omnesqui,
1401 1551 1436 1614 id

387 1662 471 1744 quod
494 1679 592 1742 supra
614 1662 659 1742 (p.
683 1661 713 1741 3,
737 1662 769 1740 9)
792 1662 941 1742 exposui,
963 1663 1199 1742 reputaverint,
1221 1662 1254 1727 in
1276 1661 1358 1727 hanc
1381 1663 1435 1727 de-

388 1773 593 1852 scriptionem
616 1773 791 1853 permultas
821 1792 872 1838 res
895 1772 1018 1837 alienae
1040 1774 1172 1854 originis
1194 1775 1332 1838 insertas
1355 1793 1434 1839 esse.

388 1884 480 1960 Quod
502 1903 573 1948 curn
596 1885 806 1949 certissimum
829 1885 881 1965 sit,
904 1884 980 1965 quid
1003 1888 1062 1964 est,
1085 1885 1169 1966 quod
1184 1885 1281 1950 verba
1302 1883 1358 1949 καὶ
1380 1877 1436 1950 οὗ·

388 2015 445 2069 τος
467 1997 508 2059 ad
531 1997 581 2078 ῥεῖ
603 2013 674 2060 cum
695 1996 865 2061 Posidonio
888 1997 1065 2077 pugnantia
1094 2014 1155 2060 non
1187 1997 1264 2062 item
1286 1998 1438 2077 primario

390 2105 471 2171 fonti
494 2106 733 2173 abiudicemus?
1267 2095 1270 2100 ’

473 2218 562 2284 Haec
585 2226 692 2284 autem
713 2237 765 2284 res
788 2225 879 2284 extra
891 2220 1120 2285 dubitationem
1144 2225 1203 2299 est,
1225 2217 1320 2284 finem
1343 2236 1436 2298 para-

388 2329 503 2410 graphi
526 2311 599 2394 inde
622 2329 661 2394 ab
685 2325 909 2405 Ποσειδώνιος
932 2328 968 2394 δὲ
999 2332 1143 2412 exceptis
1173 2330 1296 2397 scilicet
1316 2331 1437 2396 ultimis

388 2440 493 2504 verbis
527 2439 567 2504 ab
608 2439 664 2526 τῆς
696 2437 756 2522 μὲν
796 2431 852 2503 οὖν
882 2436 1029 2524 Βρούτου
1063 2438 1236 2521 στρατείας
1274 2443 1438 2508 Posidonii

389 2548 511 2632 esse1).

475 2662 524 2726 De
545 2663 564 2743 ξ
587 2662 608 2724 5
630 2680 700 2727 cum
723 2663 787 2726 iam
810 2682 909 2744 supra
931 2663 976 2745 (p.
993 2664 1113 2746 8-10)
1137 2664 1296 2744 copiosius
1318 2667 1437 2731 dictum

389 2773 442 2854 sit,
464 2792 546 2839 nunc
568 2775 770 2838 tractandum
801 2782 851 2839 est
880 2791 905 2838 c.
928 2774 966 2855 4,
996 2775 1084 2839 cuius
1114 2777 1155 2839 de
1183 2776 1202 2855 ξ
1225 2779 1240 2838 1
1274 2795 1345 2840 oum
1375 2777 1438 2840 iam

390 2885 623 2949 Zimmermann
638 2904 668 2966 p.
685 2884 745 2948 351
761 2891 848 2950 recte
861 2885 1059 2967 disseruerit,
1075 2887 1267 2967 supersedeo
1282 2893 1439 2967 repetere,

390 3014 471 3077 quae
500 2994 540 3059 ab
570 2995 625 3060 illo
652 2996 819 3077 disputata
849 3002 938 3077 sunt3
968 2998 1100 3079 addam,
1130 3017 1150 3061 a
1175 2995 1264 3062 fonte
1285 2998 1438 3078 primario

388 3105 473 3170 hunc
503 3107 710 3172 stadiasmum
742 3107 885 3173 alienum·
913 3127 984 3173 esse
1013 3128 1050 3173 eo
1082 3129 1208 3191 quoque
1230 3111 1440 3192 comprobari,

390 3218 475 3299 quod
497 3219 554 3281 HL
580 3222 615 3300 1,
638 3219 658 3283 3
684 3237 714 3300 p.
739 3220 799 3285 137
823 3218 856 3284 0.
887 3220 1054 3300 longitudo
1077 3221 1251 3301 Hispaniae
1280 3221 1365 3288 6000
1387 3230 1440 3303 st,

390 3327 451 3393 hoc
473 3334 580 3394 autem
601 3329 671 3395 loco
692 3329 779 3396 4000
801 3335 841 3396 st.
865 3330 1034 3412 colligitur.

476 3441 590 3522 §ip
615 3442 677 3506 156
699 3441 732 3506 0.
765 3443 829 3507 iam
859 3460 957 3523 supra
986 3443 1031 3523 (p.
1054 3443 1109 3524 26)
1143 3444 1297 3522 tractavi3
1327 3449 1438 3525 restat,

390 3557 427 3616 ut
460 3551 500 3617 de
533 3552 638 3616 verbis
670 3547 787 3638 ταύτην
823 3550 909 3629 τινὲς
942 3555 983 3618 ad
1022 3550 1191 3640 Φοινικικὴ
1221 3556 1269 3640 τῷ
1301 3549 1440 3641 σχήματι

391 3680 494 3743 pauca
516 3663 627 3740 dicam.
673 3665 719 3729 Ac
748 3682 798 3729 me
829 3666 860 3729 in
883 3665 944 3730 hac
972 3684 1008 3730 re
1030 3666 1295 3746 Zimmermanno,
1327 3667 1441 3749 quiea

392 3793 430 3838 ex
471 3775 596 3855 periplo
631 3775 738 3855 eiecit,
781 3776 875 3841 nimis
916 3778 1113 3842 assentiente
1154 3780 1277 3842 monuit
1312 3778 1440 3843 Curtius

392 3910 547 3919 a———.-
555 3913 596 3918 ..-

482 3999 512 4076 1)
534 4000 586 4057 cfr.
611 3999 729 4070 Mulier,
752 4001 839 4074 Frng.
862 4001 930 4058 hist.
958 4002 1060 4058 Graec.
1084 4004 1141 4063 111.
1166 4007 1225 4059 295
1250 4003 1287 4062 fr.
1311 4006 1361 4062 98.
1397 4017 1401 4026 “
