3300 5018
709 411 997 476 ...pg-

369 579 409 644 ab
433 580 543 646 ordine
564 601 622 666 per
645 587 746 648 totum
770 581 885 647 librum
908 583 955 647 ita
976 582 1144 665 instituto,
1177 590 1213 649 ut
1236 604 1272 652 ex
1295 585 1415 652 oriente

369 693 496 758 veniens
518 694 764 775 progrederetur
792 695 834 759 ad
863 695 1032 760 occasum?
1075 693 1163 771 Quae
1191 696 1255 762 alia
1285 697 1414 763 tandem

370 823 465 869 causa
487 805 582 872 huius
605 805 650 869 rei
672 804 808 870 inveniri
831 809 946 887 potest,
969 805 1030 874 nisi
1053 807 1137 887 quod
1159 805 1228 872 iona
1250 809 1317 874 eius
1339 827 1415 874 eun·

370 919 445 982 dum
468 917 499 984 in
522 918 648 985 modum
672 917 865 999 compositus
887 920 980 983 orat?
1024 917 1111 983 Nihil
1140 918 1223 984 euim
1246 918 1351 984 volent
1373 920 1416 983 ad

257 1026 260 1034 '
342 1028 589 1110 ‚explicandam
619 1029 701 1095 hanc
729 1027 965 1108 difficultatem,
997 1048 1078 1111 quae
1101 1029 1217 1095 Strabo
1248 1030 1267 1111 ξ
1290 1029 1310 1094 2
1339 1035 1416 1094 extr.

369 1139 508 1222 profert:
539 1136 578 1204 coi
610 1131 686 1204 καθ’
719 1135 841 1204 ἕκαστα
871 1137 909 1204 δὲ
941 1137 1085 1220 λεκτέον,
1119 1132 1317 1226 ἀρξαμένοις
1349 1132 1418 1210 ἀπὸ

369 1251 434 1314 τῶν
456 1244 624 1337 ἑσπερίων
638 1252 746 1337 μερῶν
767 1248 823 1316 καὶ
844 1253 909 1316 τῶν
932 1247 1206 1336 ἐπιφανεστὲρων.

454 1363 585 1444 Restat,
616 1371 652 1428 ut
684 1364 885 1442 enucleetur,
918 1363 972 1446 qui
1001 1364 1138 1446 scriptor
1170 1362 1419 1446 §EStrabonis

368 1473 438 1540 tons
459 1474 565 1540 luerit.
610 1477 656 1540 Ac
687 1474 957 1556 perlustrantibus
988 1474 1078 1540 nobis
1108 1473 1273 1555 sequentia
1297 1475 1418 1555 passim

368 1585 505 1666 vestigia
519 1586 736 1668 suppeditant,
759 1605 840 1668 quae
856 1586 1101 1651 Eratosthenem
1123 1585 1303 1652 adhibitum
1322 1585 1418 1652 luisse

370 1696 597 1764 demonstrant.
642 1697 703 1763 Hic
726 1697 808 1765 enim
833 1715 944 1761 nomen
967 1697 1037 1762 eins
1055 1695 1232 1778 profertum
1254 1696 1307 1763 hic
1331 1716 1419 1763 usur·

370 1813 466 1890 patur
488 1807 590 1874 forma
613 1809 726 1889 Lixos3
748 1807 800 1874 hic
823 1815 973 1874 narratur
994 1809 1026 1873 in
1043 1806 1209 1890 Emporion
1232 1808 1302 1873 sinu
1317 1807 1419 1873 Phoe-

370 1919 453 1985 nicia
468 1921 657 1986 mercatoria
679 1920 743 1986 sita
758 1938 836 2002 esse,
859 1937 930 1985 curn
947 1919 1039 1985 huius
1055 1920 1169 2002 capitis
1191 1921 1210 2003 ξ
1225 1921 1244 1984 8
1260 1940 1290 2001 p.
1307 1921 1370 1986 829
1386 1919 1420 1987 O.

369 2031 589 2098 Artemidorus
612 2030 853 2098 Eratosthenem
884 2031 1001 2098 idcirco
1032 2031 1202 2115 vituperet,
1234 2033 1316 2115 qnod
1339 2031 1421 2096 mul-

369 2149 473 2207 tamm
497 2141 686 2210 Phoenicum
718 2142 843 2209 urbium
867 2142 898 2207 in
930 2142 990 2208 bac
1012 2143 1139 2226 regione
1162 2144 1351 2208 mentionem
1374 2142 1420 2208 ia-

369 2253 452 2333 ciat,
484 2243 529 2318 ὧν
558 2245 652 2318 οὐδὲν
683 2247 766 2318 ἰδεῖν
788 2249 876 2318 ἐστιν
907 2247 1012 2335 ignom
1045 2253 1112 2334 hic,
1142 2259 1179 2320 ut
1201 2254 1300 2336 Vogel
1333 2259 1419 2320 recte

371 2373 494 2442 monet,
523 2364 664 2447 loquitur
688 2365 801 2431 Strabo
831 2366 871 2430 de
900 2364 1000 2432 forma
1024 2364 1160 2447 Africae,
1190 2384 1284 2447 quam
1308 2365 1420 2430 Erato·

369 2476 497 2542 sthenes
507 2473 658 2557 finxerat3
675 2475 725 2543 hio
740 2494 818 2558 gens
832 2476 888 2542 illa
904 2476 1123 2542 Mauretaniae
1139 2471 1290 2542 Γαίτυλοι
1307 2495 1418 2543 nomen

369 2588 483 2670 habet,
513 2607 585 2656 cum
609 2588 830 2656 Artemidorus
861 2588 900 2653 fr.
918 2588 958 2653 75
987 2607 1057 2654 eam
1079 2583 1247 2653 Γαιτύλιοι
1269 2589 1418 2655 nominet.

371 2701 492 2779 Quibus
528 2699 668 2766 indiciis·
691 2699 835 2767 omuibus
875 2705 981 2782 potest
1012 2700 1143 2782 adiungi
1174 2700 1417 2767 Eratosthenem

369 2813 478 2877 eodem
501 2811 612 2877 ordine
634 2811 717 2876 hanc
740 2811 957 2878 Mauretaniae
979 2831 1066 2877 oram
1090 2810 1305 2893 descripsisse.

455 2924 570 3006 Itaque
590 2914 703 3003 ¹neque
725 2939 796 2990 cum
819 2922 950 3005 Vogelio
972 2920 1102 3002 faciam,
1134 2923 1187 3005 qui
1212 2923 1419 3004 posteriorem

368 3039 493 3102 tantum
523 3042 646 3116 partem
675 3033 880 3100 Eratostheni
903 3033 1034 3116 tribuit,
1066 3053 1122 3101 nec
1152 3037 1237 3116 quod
1268 3036 1420 3100 Zimmer·

368 3165 483 3212 manno
506 3145 608 3213 visum
631 3151 681 3211 est
703 3165 761 3229 ego
784 3153 820 3212 ut
842 3147 968 3212 credam
991 3146 1140 3212 adducor.
1408 3137 1409 3142 ’

456 3256 546 3334 Quod
570 3257 597 3322 si
621 3257 836 3337 concedimus,
858 3257 958 3324 XVll.
981 3260 1011 3340 3,
1033 3259 1054 3323 2
1076 3279 1106 3340 p.
1123 3257 1187 3323 825
1210 3257 1243 3323 C.
1267 3256 1419 3322 adbibere

370 3386 429 3437 non
464 3386 647 3452 possumus,
680 3374 717 3434 ut
751 3370 974 3450 decernamus,
1008 3388 1175 3450 quemnam
1209 3366 1421 3451 promunturii

369 3478 457 3545 Sacri
480 3480 577 3545 situm
600 3480 822 3547 Artemidorus
844 3479 906 3545 sibi
926 3477 1061 3546 finxerit.

456 3590 578 3656 Eadem
616 3597 665 3657 est
695 3591 837 3657 condicio
868 3591 1000 3658 alterius
1030 3591 1091 3658 loci
1121 3612 1141 3657 a
1171 3593 1422 3657 Zimmermanno

368 3722 399 3784 p.
421 3703 484 3767 332
507 3701 599 3768 allati
620 3704 663 3768 II.
685 3702 715 3785 5,
740 3703 782 3768 14
802 3723 833 3785 p.
847 3703 909 3769 119
925 3702 970 3786 0,
993 3721 1062 3768 cum
1093 3702 1144 3767 hic
1166 3703 1420 3784 promunturium

368 3811 516 3893 Sacmm‚
547 3817 719 3881 secundum
752 3819 858 3880 autem
880 3814 1075 3880 Artemidori
1106 3812 1184 3878 f.1
1216 3814 1316 3899 (apud
1339 3812 1419 3892 Plin.

368 3927 398 4004 2,
421 3925 499 4008 242)
520 3927 776 4008 promunturium
792 3925 965 3994 Artabrum
989 3925 1144 3991 latissime
1167 3925 1208 3990 ad
1224 3925 1418 3992 occidentem

369 4055 404 4106 se
426 4038 589 4120 porrigere
611 4037 748 4104 dicatur.
