3292 5006
668 447 901 513 -101-

263 612 390 700 ραρρέει
406 608 436 679 δ’
459 611 477 681 ό
494 615 612 695 Νεῖλος
626 612 662 682 έν
678 641 741 681 τινι
756 616 850 705 τόπῳ
872 616 928 684 καὶ
949 621 1040 685 ποιεῖ
1054 614 1168 704 λίμνην
1182 612 1311 684 ἄνωθεν
1321 635 1352 684 25

263 729 320 814 τῆς
351 719 616 812 Ἀλεξανδρείας,
663 721 904 813 ὀνομαζομένην
943 729 1117 814 Μαρεάιτιν
1157 726 1310 818 μεγίστην

266 830 374 903 οὖσαν.
397 832 476 924 αὕτη
498 838 573 924 γοῦν
589 835 654 920 ἔχει
678 836 806 918 πλάτος
821 836 964 906 σταδίων
987 864 1032 926 ρν.
1054 844 1156 928 μῆκος
1178 840 1215 906 δὲ
1230 862 1311 906 στα-

264 946 344 1014 δίων
377 970 425 1015 σο.
460 948 550 1029 ἕντδς
589 949 626 1017 δὲ
661 947 852 1038 περιείληφε
884 948 999 1040 νήσους
1030 977 1058 1040 η.
1098 951 1154 1017 διὰ
1183 950 1220 1017 δὲ
1247 954 1312 1017 τῶν

264 1056 408 1145 ἑχιεινῶν
438 1063 494 1127 τοί
526 1058 645 1128 Νείλου
673 1058 800 1128 ἑδάτων
835 1061 891 1128 καὶ
922 1066 986 1129 τῶν
1015 1057 1178 1150 εόκράτων
1208 1056 1312 1149 ἀέριον

263 1165 470 1257 εὐδαιμονίας
484 1170 625 1262 μεγάλης
647 1168 665 1239 δ
686 1171 793 1253 τόπος
807 1173 931 1253 ἐκεῖνος
952 1175 1088 1260 μετέχει.
1134 1173 1216 1263 φασί
1237 1177 1353 1260 χοίιν30

263 1280 469 1351 οἱπλεῖστοι
491 1285 548 1349 τοῦ
578 1281 704 1370 κόσμου
726 1282 836 1372 σοφοί,
866 1280 918 1351 ὅτι
949 1279 1007 1352 οόκ
1037 1281 1126 1353 ἔστιν
1155 1281 1242 1375 ὕδωρ
1263 1282 1312 1364 εἰς

263 1394 319 1484 τὴν
346 1389 400 1461 ὕπ’
431 1391 564 1481 οόρονδν
594 1391 709 1481 όμοιον
730 1397 788 1463 τοῦ
811 1394 929 1464 Νείλου
958 1392 1006 1477 είς
1035 1421 1071 1462 τε
1101 1393 1222 1483 ἑχείαν,
1256 1395 1312 1462 καὶ

264 1506 388 1595 πέψιν,
421 1506 477 1573 καί
505 1501 683 1593 εὐρωστίαν
705 1507 892 1598 σωματικὴν
920 1508 976 1575 καί
1006 1511 1103 1576 τοῦτο
1135 1505 1312 1574 ἑπονοοῦσι

265 1617 319 1685 διοὶ
342 1617 380 1684 τό
403 1617 459 1708 τὴν
479 1613 556 1706 ίίλην
578 1613 745 1707 ἀπορρεῖν.
779 1619 907 1706 λέγουσι
929 1621 999 1707 γὰρ,
1023 1615 1093 1703 ότι,
1117 1617 1229 1686 έπειδί
1254 1616 1313 1684 ἐπὶ

267 1730 351 1797 πολὺ
381 1733 592 1816 καθαιρεῖτοι
625 1730 681 1797 διὰ
711 1732 767 1821 της
789 1725 981 1816 ἀναβάσεως
1011 1726 1087 1820 ἤτε
1115 1725 1173 1820 όλη
1205 1729 1261 1797 καὶ
1294 1725 1354 1796 όεο

265 1839 426 1930 βόρβορος
447 1836 552 1925 αὐτοῦ,
576 1843 687 1931 διηθεῖ
708 1843 765 1910 καὶ
787 1840 924 1930 ἑγιεινδν
945 1841 1077 1930 γίνεται.

670 2015 905 2082 Eratosthenes.

350 2149 434 2240 ῥυεὶς
451 2149 511 2236 γάρ
531 2154 587 2238 [sc.
602 2147 620 2218 ό
635 2153 780 2238 Νεῖλος],
804 2151 884 2240 φησὶ
900 2153 955 2238 [sc.
968 2146 1224 2240 Ἑρατοσδένης],
1240 2147 1311 2219 άπὸ

266 2259 398 2349 Μερόης
408 2262 467 2329 ἐπὶ
479 2263 538 2342 τὰς
548 2260 687 2350 άρκτοος
697 2259 742 2343 ὡς
753 2261 932 2345 δισχιλίους
940 2264 997 2331 καὶ
1009 2260 1227 2344 ἑπτακοσίους
1236 2287 1313 2331 στα-

265 2374 362 2456 δίους,
376 2374 477 2441 πάλιν
487 2369 683 2464 ἀναστρέφει
698 2375 783 2462 πρός
794 2372 997 2464 μεσημβρίαν
1006 2375 1063 2441 καὶ
1072 2375 1128 2464 τὴν
1136 2375 1314 2464 χειμερινὴν

266 2482 358 2552 δόσιν
374 2481 419 2564 ὡς
431 2484 624 2573 τριςχιλίους
637 2486 693 2554 καί
708 2483 925 2566 ἑπτακοσίους
944 2484 1105 2569 σταδίους,
1127 2486 1182 2554 καὶ
1202 2486 1315 2568 σχεδόν
1323 2500 1356 2545 40

265 2590 407 2685 ἀντάρας
422 2602 494 2676 τοῖς
507 2598 591 2665 κατὰ
608 2597 742 2687 Μερόην
757 2596 877 2678 τόποις
886 2600 943 2666 καὶ
957 2597 1005 2678 εἰς
1014 2599 1071 2688 τὴν
1083 2595 1213 2686 Λιβόην
1229 2597 1315 2664 πολι)

267 2708 444 2795 προπεσιδν
454 2707 510 2776 καί
518 2709 575 2800 τὴν
586 2707 699 2799 ἑτέραν
712 2709 916 2800 ἐπιστροφὴν
929 2709 1150 2800 ποιησάμενος
1160 2710 1245 2795 πρός
1256 2709 1315 2788 τάς

264 2817 403 2907 άρκτους
418 2820 551 2910 φέρεται
571 2821 852 2903 πεντακισχιλίους
864 2822 925 2908 μέν
938 2823 996 2890 καὶ
1012 2819 1218 2908 τριακοσίους
1237 2844 1314 2888 στα-

265 2930 356 3010 δίους
377 2931 436 2998 ἐπὶ
457 2931 514 2999 τὸν
535 2932 637 3018 μέγαν
659 2931 872 3021 καταράκτην,
896 2928 1013 3021 μικρόν
1036 2933 1315 3023 παρεπιστρέφων

267 3043 352 3129 πρὸς
363 3043 419 3132 τὴν
436 3040 488 3128 ἑω,
502 3041 625 3125 χιλίους
640 3043 677 3110 δὲ
692 3044 749 3110 καὶ
761 3033 950 3122 διακοσίους
967 3043 1042 3123 τοδς
1053 3043 1111 3111 ἑπί
1121 3043 1178 3111 τὸν
1190 3043 1314 3110 ἐλάττω
1324 3063 1356 3108 45

265 3153 322 3221 τὸν
350 3154 433 3221 κατά
458 3153 592 3244 Συήνην,
624 3153 906 3236 πεντακισχιλίους
936 3155 974 3222 δὲ
996 3151 1114 3235 άλλους
1144 3154 1199 3222 καί
1221 3179 1314 3245 τρια-

265 3262 396 3345 κοσίους
418 3265 478 3333 ἐπὶ
498 3266 554 3356 τὴν
574 3263 757 3334 θάλατταν.
801 3261 1044 3352 έμβάλλουσιδ
1069 3264 1117 3346 εἷς
1139 3261 1236 3334 αὐτὸν
1257 3263 1315 3332 δύο
1363 3345 1366 3353 Ι

268 3376 430 3464 ποταμοί,
464 3376 636 3466 φερόμενοι
658 3379 718 3465 μέν
749 3375 786 3446 έκ
814 3403 910 3445 τινων
938 3379 1063 3465 λιμνῶν
1093 3372 1163 3445 ἀπὸ
1184 3379 1240 3468 τῆς
1263 3376 1315 3459 έω,

267 3488 565 3578 περιλαμβάνοντες
580 3491 617 3557 δέ
632 3493 727 3581 νῆσον
741 3485 901 3578 εὐμεγέθη
916 3489 972 3578 τὴν
987 3487 1137 3580 Μερόην·
1161 3483 1206 3556 ὧν
1222 3486 1240 3557 ό
1255 3488 1325 3575 μὲν·

263 3596 482 3689 Ἀσταβόρας,
501 3604 651 3668 καλεῖται
679 3601 762 3668 κατά
790 3603 825 3668 τί
858 3601 943 3688 πρός
977 3599 1020 3667 έω
1052 3602 1191 3691 πλευρὸν
1224 3598 1315 3689 ῥέων,
1325 3617 1357 3665 ⁵0

265 3710 381 3801 ἅτερος
403 3707 432 3778 δ’
452 3707 656 3793 Ἀστάπους·
687 3709 717 3781 οὲ
748 3707 777 3779 δ’
796 3709 1005 3797 Ἀστασόβον
1027 3713 1171 3794 καλοῦσι,
1207 3712 1263 3778 τόν
1285 3707 1314 3778 δ’

263 3818 455 3891 Ἀστάπουν
476 3819 578 3890 άλλον
600 3816 692 3906 εἶναι,
717 3824 831 3912 ῥέοντα
853 3820 890 3891 ἔκ
911 3849 1007 3890 τινων
1022 3824 1142 3910 λιμνῶν
1164 3817 1232 3893 άπὸ
1255 3848 1315 3909 με·

267 3933 445 4025 σημβρίας,
477 3935 534 4002 καί
557 3934 670 4017 σχεδόν
692 3930 820 4003 τὸκατ’
844 3931 977 4003 εόδεῖαν
1000 3940 1095 4022 σῶμα
1114 3937 1172 4002 τοί)
1195 3933 1314 4003 Νείλου

266 4039 380 4115 τοῒτον
412 4051 538 4114 ποιεῖν·
570 4047 627 4136 τίμ
660 4045 698 4115 δέ
728 4044 897 4136 πλήρωσιν
930 4040 1027 4114 αὐτοῦ
1059 4046 1136 4126 τοός
1164 4046 1318 4134 θερινοὺς

266 4153 410 4248 ὄμβρους
431 4155 701 4248 παρασκευάζειν.
