3300 5018
651 450 862 516 ..27-

232 641 257 688 e.
280 619 311 704 4,
335 621 354 688 6
376 640 407 703 p.
433 615 494 686 159
519 619 551 687 0.
574 621 739 703 nominati,
771 622 830 688 hoe
851 621 930 688 nihil
954 624 1192 706 demonstrare,
1215 641 1281 688 om-

230 735 324 800 nibus
348 734 585 800 eoncedendum
608 737 666 799 est.

317 846 396 911 Cum
427 845 526 928 igitur
556 844 748 926 corruerint,
780 864 862 928 quae
893 844 1126 914 Zimmermann
1156 847 1282 928 statuit,

231 975 365 1039 cumque
396 956 698 1037 demonstraverim,
731 956 815 1022 unde
846 955 898 1022 hie
929 957 1074 1038 periplus
1104 957 1281 1040 Hispaniae

229 1069 366 1134 haustus
388 1087 450 1132 non
473 1068 524 1147 sit,
547 1068 613 1132 iam
633 1069 847 1149 quaerendum
871 1071 930 1149 est,
953 1068 1024 1151 quis
1046 1066 1146 1134 fuerit
1160 1075 1280 1134 auctor.

232 1179 279 1245 Ao
317 1179 482 1245 Posidonii
517 1179 644 1264 quidem
680 1177 877 1262 fragmenta,
914 1198 996 1262 quae
1034 1185 1163 1246 servata
1207 1185 1282 1246 sunt

231 1292 352 1372 optime
370 1291 572 1358 consentiunt
595 1308 666 1355 eum
680 1289 847 1357 Strabone.
891 1291 1035 1358 Primum
1052 1291 1279 1358 conferendum

233 1411 282 1470 eet
304 1402 518 1485 fragmentum
549 1402 636 1485 apud
659 1401 763 1467 Strab.
786 1402 845 1467 III.
869 1403 898 1485 2,
922 1404 942 1468 9
965 1421 996 1484 p.
1021 1402 1082 1466 147
1105 1403 1155 1474 u:
1189 1398 1223 1466 ἐν
1245 1399 1282 1466 δὲ

232 1515 304 1590 τοῖς
314 1505 520 1601 Ἀρτάβροις,
544 1507 582 1578 οἳ
600 1513 656 1600 τῆς
671 1507 879 1590 Λυσιτανίας
900 1507 1034 1577 ὕστατοι
1051 1510 1138 1597 πρὸς
1161 1505 1280 1599 άρκτον

230 1622 287 1690 καὶ
316 1619 411 1690 odoro
442 1619 525 1689 elain
547 1643 617 1690 eum
641 1623 743 1691 Strab.
768 1625 825 1691 IlI.
849 1625 879 1707 3,
902 1625 974 1706 51).
1000 1624 1060 1690 153
1084 1626 1117 1692 O.
1146 1619 1282 1689 iimmot

233 1730 266 1802 δ’
289 1728 633 1822 οἶκοῦσιν’Ἀρταβροι
663 1733 742 1822 περὶ
771 1730 828 1823 τὴν
850 1728 968 1818 άκραν,
999 1723 1019 1823 ἢ
1040 1734 1190 1800 καλεῖται
1213 1730 1280 1800 Νί-

230 1872 309 1935 ριον,
333 1839 353 1937 ἢ
373 1845 430 1912 καὶ
450 1851 507 1938 τῆς
529 1841 684 1934 ἑσπερίου
706 1845 851 1932 πλευρᾶς
872 1844 930 1912 καὶ
951 1849 1008 1934 τῆς
1028 1841 1159 1929 βορείου
1174 1843 1281 1932 πέρας

230 1956 328 2025 ἐστίν.
382 1987 383 1992 ’

265 2069 270 2078 ·
315 2071 438 2137 oenoe
467 2051 548 2153 quae
579 2071 730 2136 mennon
751 2071 808 2134 ιιι.
840 2068 917 2150 1‚a
947 2088 978 2150 p.
1003 2068 1063 2133 rar
1088 2067 1121 2134 υ.
1145 2070 1186 2134 oe
1216 2069 1282 2134 sau

230 2184 386 2266 Pyrenaei
409 2183 537 2262 montis,
560 2183 744 2263 conspirant
759 2200 829 2246 oum
851 2181 903 2260 iis,
926 2200 1008 2263 quae
1030 2181 1204 2246 seeundum
1219 2180 1281 2245 Po-

231 2294 390 2360 sidonium
412 2298 545 2360 nerraut
568 2299 600 2360 et
621 2293 713 2358 Diod.
730 2291 761 2374 o,
784 2291 835 2373 35,
858 2292 879 2356 2
901 2285 1042 2378 παρήια
1063 2291 1127 2372 (so.
1144 2287 1185 2353 rol
1207 2293 1280 2353 Πυ-

231 2404 361 2490 ρηναῖα)
384 2402 446 2490 γάρ
469 2395 538 2494 άπὸ
561 2406 617 2491 της
639 2399 724 2467 πατὰ
747 2397 951 2488 μεσημβρίαν
973 2396 1142 2487 θαλάττης
1165 2399 1284 2481 σχεδὸν

231 2511 305 2602 άχρι
328 2513 413 2599 πρὸς
428 2514 485 2580 τὸν
506 2510 573 2580 ὑπὸ
588 2512 648 2591 τοὶς
670 2509 809 2600 ι’ίρκτους
824 2505 985 2578 ὠκεανόν.
1000 2559 1006 2576 .
1022 2562 1029 2578 .
1044 2561 1051 2576 .
1075 2507 1281 2599 παρεκτείνει

230 2622 382 2703 σταδίους
409 2604 455 2704 ὥς
484 2620 680 2713 τρισχιλίους
707 2632 740 2692 et
763 2625 865 2691 Strab.
888 2625 942 2690 IV.
969 2627 998 2708 1,
1024 2627 1063 2690 14
1085 2645 1115 2705 p.
1143 2625 1204 2690 188
1227 2623 1278 2691 O.:

221 2733 364 2826 Ἵιλρυται
389 2737 408 2802 d
414 2731 423 2756 ²
448 2732 466 2823 ἡ
493 2737 652 2802 Τολῶσσα
673 2734 757 2801 κατά
782 2733 819 2800 τὸ
842 2731 1044 2800 στενώτατον
1071 2738 1129 2801 τοῦ
1154 2731 1279 2821 ἰσθμοῦ

228 2853 285 2914 τοῦ
311 2845 507 2937 διείργοντος
534 2841 603 2914 άπὸ
625 2851 682 2936 τῆς
713 2847 797 2912 κατά
829 2843 992 2934 Νάρβωνα
1022 2844 1192 2936 θαλάττης
1221 2847 1279 2914 τὸν

229 2953 385 3042 ὠκεανόν,
419 2953 456 3026 ὅν
488 2980 568 3047 φησι
599 2956 824 3037 Ποσειδώνιος
856 2954 980 3025 ἐλάττω
1002 2961 1067 3024 τῶν
1097 2958 1279 3044 τριςχιλίων

230 3068 380 3137 σταδίων.
423 3073 592 3139 Uberrime
615 3079 722 3139 autem
745 3072 808 3136 iam
829 3072 1017 3137 Miillenhoff
1027 3073 1057 3154 ¹)
1079 3075 1278 3140 demonstra-

229 3184 277 3247 vit
298 3185 419 3263 omnia,
452 3203 532 3267 qnae
554 3182 646 3250 Diod.
669 3181 706 3266 5,
729 3184 771 3249 33
793 3184 835 3249 ad
858 3184 899 3248 38
922 3183 1059 3266 exhibet,
1089 3182 1219 3251 fluxisse
1241 3203 1279 3250 ex

229 3292 399 3360 Posidonio
413 3295 452 3379 ²).

318 3563 347 3640 1)
365 3553 728 3636 ‘Miillenhoff,Deutsehe
737 3559 1011 3623 Altertumslrunde'
1020 3565 1052 3622 II
1062 3585 1089 3640 p.
1100 3569 1279 3628 alo-318.

317 3647 348 3726 2)
372 3649 532 3708 Praeterea
545 3650 724 3708 eonferenda
746 3661 817 3708 eunt
840 3669 883 3723 ea,
907 3669 982 3728 quae
997 3651 1091 3710 Evers
1114 3642 1196 3728 t‘Ein
1212 3652 1280 3710 Bei-

229 3741 295 3809 λαις
325 3755 380 3794 nur
408 3735 640 3808 Untersuohung
671 3736 723 3794 der
754 3735 1055 3810 Quellenbenutnnng
1081 3737 1132 3796 'bei
1155 3733 1279 3797 Diodor’

228 3843 257 3898 p.
281 3821 334 3898 40)
357 3822 393 3880 de
415 3821 544 3880 metallis
566 3821 654 3898 apud.
669 3820 847 3894 Diodorum,
871 3821 1066 3895 Strabonem,
1090 3824 1279 3883 Athenaeum

230 3908 391 3968 seeundum
412 3907 607 3966 Posidonium
641 3907 797 3984 descriptis
826 3907 973 3966 disseruit.
1023 3908 1105 3970 ,Inde
1128 3909 1208 3969 enim
1230 3930 1279 3971 eo·

230 3995 415 4074 gnoseirnus,
445 4013 533 4072 quam
555 3993 750 4067 neglegenter
771 3994 803 4052 hi
827 3998 888 4052 tres
911 3994 1033 4052 nomino
1055 3993 1277 4071 exseripserint‚

230 4099 295 4138 oum
316 4079 466 4141 Diodorus
500 4079 602 4140 eadem
633 4080 669 4138 de
692 4079 870 4159 Pyrenaeis,
893 4079 999 4157 Strabo
1022 4081 1059 4140 de
1080 4081 1279 4143 Turdetaniae
