3300 5018
714 458 921 527 .5..¹

286 634 415 701 Minime
438 640 544 700 autem
568 634 627 699 hoo
649 631 727 697 iaoit
749 633 850 697 altero
872 631 949 711 loeo,
973 648 1165 714 quamquam
1186 626 1255 694 fieri
1273 647 1334 694 non

286 751 403 827 potest,
433 751 468 811 ut
491 745 596 811 Canae
618 743 712 809 Lesbi
733 743 952 826 promunturio
982 742 1099 808 Maliae
1129 740 1262 806 maxime
1293 742 1335 806 ad
1377 816 1379 820 .

285 857 451 923 meridiem
489 855 687 938 procurrenti
724 855 888 937 oppositae
925 853 1054 919 eaedem
1091 850 1226 918 alterum
1262 870 1334 919 esse

285 968 410 1052 possint
432 967 697 1049 promunturium,
719 966 804 1050 quod
826 967 930 1032 sinum
953 965 1230 1048 Adramyttenum,
1246 963 1335 1029 ouius

285 1099 362 1160 pars
384 1080 472 1146 sinus
494 1079 649 1144 Elanticus
672 1079 725 1160 sit,
748 1077 905 1144 terminet.
949 1076 1032 1142 Illud
1055 1075 1138 1142 enim
1170 1092 1231 1140 non
1261 1093 1333 1155 per-

288 1191 432 1273 spicitur,
455 1191 515 1256 nisi
536 1191 790 1273 promunturium
813 1190 845 1255 in
869 1186 1109 1270 septentrionali
1132 1191 1224 1268 parte
1246 1185 1334 1250 sinus

152 1341 155 1352 .
285 1303 414 1369 Elaitioi
443 1303 540 1368 situm
572 1321 642 1368 esse
664 1302 851 1382 statuimus,
883 1301 943 1366 hoo
974 1300 1034 1365 nisi
1064 1300 1095 1364 in
1126 1296 1334 1363 meridionali.

283 1415 337 1479 Ita
359 1415 421 1479 duo
443 1414 547 1480 fontes
570 1413 768 1481 discernendi
790 1420 874 1494 sunt,
896 1430 1030 1495 quorum
1051 1430 1090 1476 ex
1111 1410 1212 1476 altero
1234 1407 1333 1474 fluxe·

284 1525 512 1605 runtX111.1‚
538 1526 577 1592 51
602 1545 632 1607 p.
649 1525 712 1590 606
734 1524 773 1591 C:
796 1521 923 1608 λέγεται
944 1520 1005 1609 γὰρ
1028 1525 1070 1589 ad
1093 1515 1333 1608 περιλαμβάνε-

285 1660 339 1701 aar
355 1643 388 1704 et
403 1631 487 1725 ὑπὲρ
503 1629 599 1724 αὐτῆς
621 1634 655 1702 ἐν
669 1636 708 1725 τῇ
723 1631 882 1724 μεσογαίᾳ
896 1636 937 1702 ad
952 1632 1048 1721 μέχρι
1062 1637 1183 1700 Κανῶν
1197 1629 1330 1713 κόλπος,

287 1749 374 1814 XHI.
400 1752 427 1830 1,
451 1751 491 1815 67
515 1769 545 1831 p.
562 1748 625 1814 615
642 1748 679 1815 C:
703 1745 738 1812 ἐκ
755 1746 792 1813 δὲ
807 1751 853 1836 τῷ
874 1745 979 1833 πέραν
1000 1749 1042 1812 ad
1065 1746 1132 1826 (68)
1155 1741 1211 1809 καὶ
1228 1737 1332 1809 Ἐλαϊ-

284 1856 375 1938 τικός
398 1859 486 1944 soem
509 1882 548 1927 ex
570 1862 671 1927 altero
693 1862 783 1927 XIII.
801 1863 830 1941 1,
852 1863 891 1927 51
915 1881 946 1942 p.
963 1859 1027 1927 606
1046 1858 1086 1925 C:
1108 1854 1191 1941 μετὰ
1211 1854 1272 1942 γὰρ
1293 1853 1332 1920 τὸ

282 1971 416 2039 Λεκτὸν
428 1975 470 2038 ad
478 1968 675 2058 καλούμενον
684 1967 818 2052 κόλπον,
836 1977 869 2038 ot
879 1967 971 2048 ἰδίως
982 1967 1094 2055 μέντοι
1105 1963 1220 2033 τοῦτόν
1232 1987 1333 2054 φασιν

282 2085 324 2149 ad
340 2078 458 2163 ἔχουσα
473 2078 605 2168 λιμένα;
622 2084 710 2150 ΧΙΙΙ.
728 2086 756 2165 l,
769 2083 811 2148 68
823 2103 853 2165 p.
865 2081 928 2148 615
941 2082 980 2147 C:
993 2077 1102 2145 Κάκαι
1114 2078 1151 2144 δὲ
1167 2073 1335 2159 πολίχνιον

284 2195 327 2259 ad
341 2195 388 2281 τῷ
411 2189 496 2280 Coie),
520 2201 552 2259 et
565 2189 672 2279 κύκλῳ
695 2192 732 2259 δὲ
747 2191 824 2278 περὶ
839 2195 882 2259 ad
905 2186 987 2258 ὅθεν
1001 2184 1088 2278 αὐτῷ
1110 2188 1165 2256 καὶ
1179 2184 1331 2274 τοῦνομα.

282 2306 353 2371 Iam
376 2325 411 2372 eo
434 2310 622 2387 perventum
641 2311 700 2388 est,
722 2309 759 2370 ut
782 2306 849 2372 sola
871 2305 1010 2386 supersit
1031 2304 1087 2368 illa
1102 2303 1255 2386 quaestio,
1277 2303 1332 2386 qui

283 2421 430 2484 auctores
446 2417 524 2484 haee
540 2417 687 2484 Straboni
708 2416 922 2499 praebuerint.
957 2415 1109 2481 Videmus
1124 2419 1229 2480 autern
1245 2413 1332 2479 XIII.

283 2530 313 2610 3,
335 2529 356 2595 5
378 2548 408 2610 p.
431 2529 494 2594 622
517 2528 559 2610 C,
583 2529 637 2594 ubi
658 2529 881 2600 Artemidorus
909 2527 1077 2609 laudatur,
1109 2527 1241 2592 eandem
1264 2544 1332 2591 rem

283 2641 424 2707 tractari.
468 2641 640 2723 Postquam
671 2640 754 2706 enim
782 2640 827 2706 ibi
850 2638 965 2706 Strabo
988 2638 1093 2704 nescio
1116 2639 1215 2717 unde,
1232 2655 1330 2720 quan·

282 2758 350 2818 tum
366 2753 450 2819 inter
468 2771 502 2819 se
517 2753 674 2818 distarent
687 2752 783 2818 urbes
799 2751 936 2832 Larissa,
960 2750 1067 2834 Cyme,
1089 2748 1224 2832 MyrIna,
1248 2747 1332 2830 Gry-

283 2865 366 2948 nion‚
389 2864 497 2945 Elaea,
529 2864 682 2947 narravit,
714 2884 753 2930 ea
773 2862 912 2946 profert,
942 2881 1023 2945 quae
1045 2861 1268 2927 Artemidorus
1290 2861 1330 2925 de

281 2977 376 3042 huius
399 2976 537 3059 regionis
566 2976 658 3041 litore
690 2975 829 3058 scripsit.
874 2977 920 3040 Aa
949 2975 1046 3040 miror
1068 2972 1230 3056 equidem,
1253 2971 1331 3054 quid

282 3088 335 3169 sit,
356 3107 414 3154 our
436 3088 556 3154 Stienle
580 3086 629 3168 (ir.
655 3087 773 3172 129)1)
796 3087 893 3152 verba
914 3091 1040 3153 tanturn
1062 3086 1103 3151 ad
1128 3077 1230 3170 δίκραν
1245 3078 1330 3169 ‘Ap-

282 3199 446 3283 ματοῦντα
475 3200 560 3265 inter
588 3198 767 3281 fragmenta
798 3198 992 3264 Artemidori
1024 3198 1196 3278 receperit,
1228 3214 1329 3278 neque

282 3310 434 3377 adiecerit
448 3308 542 3376 finem
564 3310 760 3393 paragraphi
774 3311 914 3392 exeeptis
936 3309 1058 3376 scilicet
1080 3307 1200 3373 ultimis
1216 3306 1330 3372 verbis.

283 3424 495 3505 Opponuntur
525 3423 609 3488 enim
638 3424 721 3489 inter
750 3441 784 3488 se
814 3442 869 3502 ea,
899 3440 981 3504 quae
1009 3420 1062 3485 illa
1084 3423 1210 3500 auctor,
1240 3420 1330 3485 ouius

280 3553 393 3600 nomen
435 3552 496 3599 non
539 3539 819 3615 commemoratur,
852 3538 885 3600 et
917 3552 999 3616 quae
1036 3530 1256 3597 Artemidorus
1290 3532 1330 3596 de

280 3648 391 3713 eadem
413 3646 542 3727 regione
565 3645 775 3713 tradiderunt.
820 3645 949 3710 Minime
980 3645 1080 3726 igitur
1101 3643 1213 3708 dubito
1236 3645 1330 3709 Arte·

281 3757 403 3824 midoro
418 3758 524 3823 omnia
546 3758 587 3822 ad
603 3755 697 3823 finem
712 3757 908 3839 paragraphi
925 3756 980 3838 (ad
996 3756 1093 3822 verba
1108 3756 1172 3820 τῶν
1187 3774 1328 3836 συστρα-

280 3862 461 3935 τευσάντων
483 3865 542 3935 ἐπὶ
564 3863 667 3951 Ίλιοκ)
690 3868 839 3934 tribuere.
883 3867 975 3934 Nunc
998 3868 1180 3947 videamus,
1210 3886 1248 3931 ex
1270 3866 1328 3933 hoo

368 4011 398 4088 l)
421 4009 549 4082 Stishle,
566 4001 643 4072 ‘Der
666 4009 825 4088 Goognaph
855 4007 1059 4070 Artemidoros
1090 4027 1151 4068 von
1174 4007 1327 4091 Ephesos'.

229 4182 244 4192 ,
282 4095 391 4158 annun.
418 4099 465 4170 ιι,
491 4100 560 4155 ma.
