3300 5018
639 467 851 533 ..37-

307 640 361 721 §8
387 638 481 706 finem
503 641 578 706 inde
601 659 620 704 a
641 641 748 705 verbis
771 636 915 703 ἐνταῦθα
938 630 971 702 δ’
995 635 1066 704 ἐστὶ
1087 636 1144 704 καὶ
1166 635 1269 727 ἣῬο-

223 744 324 835 dina,
361 769 432 816 cum
469 751 714 817 Zimmermanni
751 755 954 832 argumenta,
991 751 1103 834 quibus
1143 755 1269 819 innixus

222 881 251 943 p.
268 861 331 927 359
350 882 395 944 sq.
419 858 562 926 ἐνταῦθα
584 864 624 927 ad
641 857 772 926 Ῥοδίων
795 857 880 946 φασί
901 862 1042 945 Timaeo,
1065 862 1188 946 reliqua
1207 865 1269 928 Po·

221 973 304 1055 lybio
327 975 464 1054 adserit,
495 973 707 1040 incertissima
720 973 811 1056 sint,
842 992 913 1040 cum
935 972 1098 1040 Hansenio
1120 975 1140 1040 l.
1163 975 1183 1040 l.
1207 975 1268 1038 Po-

223 1084 308 1167 lybio
330 1085 439 1150 reddo.
504 1109 507 1116 ·

307 1199 398 1263 Nunc
413 1202 659 1279 perscrutemur,
682 1198 759 1280 quid
781 1196 918 1277 valeant,
942 1216 1023 1280 quae
1039 1197 1269 1263 Zimmermann

222 1328 252 1390 p.
269 1308 332 1374 362
354 1328 399 1391 sq.
430 1310 470 1374 de
500 1309 518 1390 ξ
542 1309 561 1373 9
591 1306 731 1374 fontibus
762 1309 904 1390 protulit.
963 1307 1156 1400 Persuasum
1185 1309 1268 1373 enim

220 1419 318 1486 habet
338 1421 423 1485 viam
445 1441 465 1485 a
486 1421 649 1504 Pyrenaeo
671 1427 778 1486 monte
806 1421 849 1485 ad
870 1420 1063 1486 Obulconem
1086 1421 1284 1486 tendentem

222 1532 383 1615 depictam
405 1551 477 1598 esse
497 1535 670 1598 secundum
686 1533 760 1598 Iulii
783 1533 929 1599 Caesaris
944 1551 1070 1598 carmen
1093 1533 1168 1612 iter,
1184 1533 1269 1614 quod

220 1643 274 1710 ille
297 1649 427 1709 auctore
449 1633 727 1725 Suetonio'(Caes.
750 1642 806 1726 56)
829 1644 1023 1726 composuit,
1055 1660 1126 1708 cum
1149 1645 1190 1708 ad
1214 1645 1268 1708 de-

220 1755 384 1821 bellandos
423 1755 556 1836 Pompei
589 1754 671 1820 filios
710 1757 743 1819 in
782 1755 969 1837 Hispaniam
1004 1753 1268 1837 proficisceretur.

221 1868 314 1944 Quod
335 1873 372 1931 ut
393 1869 549 1934 coniceret
571 1867 693 1933 duabus
714 1867 853 1932 maxime
875 1867 979 1932 causis
995 1872 1099 1932 motus
1122 1871 1180 1946 est,
1203 1868 1268 1947 pri·

220 1998 307 2044 mum
337 1979 422 2061 quod
450 1979 483 2042 in
514 1979 574 2044 hac
604 1978 806 2061 paragrapho
829 1979 946 2044 Caesar
978 1983 1126 2042 narratur
1156 1978 1269 2058 viginti

220 2100 344 2172 septem
374 2091 497 2156 dierum
531 2091 645 2156 itinere
676 2091 778 2155 Roma
807 2089 1000 2155 Obulconem
1030 2086 1170 2168 venisse,
1201 2095 1268 2154 tum

219 2203 306 2287 quod
329 2201 490 2268 Obulcone
520 2207 696 2267 memorata
727 2200 856 2266 finiatur
886 2200 1070 2281 descriptio.
1117 2199 1178 2265 Sed
1199 2200 1269 2282 hoc,

221 2314 307 2397 quod
328 2314 506 2394 posteriore
528 2313 598 2378 loco
621 2315 729 2396 posui,
760 2330 823 2377 non
852 2318 939 2379 recte
961 2313 1081 2378 dictum
1104 2317 1167 2393 est,
1198 2330 1268 2377 cum

219 2425 361 2491 breviter
382 2427 435 2490 via
457 2443 557 2508 usque
580 2427 621 2490 ad
644 2425 750 2490 Gades
773 2428 954 2491 enarretur:
982 2419 1024 2487 rol
1055 2419 1132 2508 aspi
1153 2427 1269 2486 Καστ-

200 2534 310 2599 ’λῶνα
338 2531 395 2599 καὶ
412 2527 626 2618 Ὀβούλκωνα,
660 2527 705 2599 δι’
730 2525 775 2600 ὧν
805 2529 854 2611 ε’ίς
883 2557 918 2598 τε
940 2529 1112 2618 Κορδύβην
1142 2532 1198 2598 καὶ
1221 2529 1268 2610 εἷς

220 2641 362 2732 Γάδειρα
389 2640 408 2734 ἣ
429 2640 514 2722 ὁδός.
557 2647 595 2712 In
618 2649 800 2715 universum
821 2652 928 2713 autem
950 2646 1032 2711 hanc
1055 2646 1269 2711 coniecturam

219 2757 366 2842 fragilem
396 2777 466 2824 esse
487 2758 590 2840 Vogel
613 2760 679 2838 (Ph.
696 2763 747 2836 A.)
779 2758 956 2826 rectissime
987 2758 1166 2838 contendit,
1198 2775 1269 2822 curn

219 2889 334 2952 parum
355 2871 395 2937 de
416 2871 477 2936 hoc
498 2873 858 2952 carminecompertum
880 2869 1071 2949 habeamus,
1101 2873 1133 2935 et
1154 2887 1268 2949 possu-

220 3002 291 3047 mus
315 2986 425 3046 contra
446 2983 732 3048 Zimmermannum
761 2983 871 3048 eodem
893 2981 942 3046 uti
974 2985 1175 3062 argumento,
1206 2999 1268 3060 quo

220 3093 275 3159 ille
298 3099 420 3158 ceteras
441 3094 482 3159 de
505 3093 641 3159 Caesare
664 3095 861 3160 coniecturas
889 3091 1011 3158 rehrtat
1032 3110 1063 3172 p.
1080 3091 1166 3164 3632,
1194 3109 1268 3171 „ne-

220 3224 283 3288 que
304 3205 333 3268 si
353 3204 452 3270 hbros
475 3206 669 3288 deperditos,
692 3205 804 3288 quihus
828 3205 974 3271 Caesaris
995 3223 1049 3269 res
1071 3208 1182 3284 gestae
1205 3219 1269 3266 rne-

219 3316 341 3383 moriae
364 3317 503 3382 traditae
534 3323 624 3396 sunt,
657 3317 942 3398 circumspicimus,
972 3315 1143 3398 quidquam
1172 3310 1268 3394 profi-

221 3415 339 3510 cimus,
368 3447 438 3493 cum
461 3427 540 3493 nihil
562 3427 642 3494 certi
670 3429 817 3510 cognosci
839 3426 971 3508 possit,“
1016 3426 1066 3490 An
1089 3424 1128 3490 de
1149 3425 1269 3488 Itinere

221 3539 417 3623 quidquam?
465 3540 583 3619 Adice,
613 3542 698 3622 quod
728 3539 973 3605 Zimmermanni
1003 3536 1160 3602 sententia
1182 3535 1268 3599 nullo

221 3652 314 3717 modo
343 3650 517 3732 prohabihs
540 3656 605 3732 est,
636 3652 699 3716 nisi
728 3651 911 3716 existimare
946 3649 1035 3729 licet,
1066 3647 1098 3711 in
1122 3647 1269 3712 Caesaris

221 3764 323 3844 ipsius
355 3762 585 3843 descriptione,
617 3767 695 3845 quot
724 3762 836 3828 diebus
872 3762 934 3827 iter
964 3760 1172 3842 perfecisset,
1205 3778 1268 3823 non

223 3876 341 3942 dictum
357 3874 465 3942 fuisse.
510 3872 611 3957 „Nam
633 3875 661 3939 si
676 3873 736 3940 hoc
759 3873 791 3938 in
814 3875 883 3955 ipso
907 3873 1045 3938 carmine
1060 3876 1269 3938 memoratum

221 3985 347 4066 fuisset,
384 3985 499 4052 Strabo
538 4004 643 4051 rerum
682 3984 851 4066 scriptores
887 3989 973 4049 certe
1009 4000 1071 4046 non
1108 3982 1267 4046 citasset“.

223 4097 302 4168 Cum
332 4093 406 4163 vero
434 4096 521 4180 apud
552 4096 737 4163 Suetonium
765 4096 785 4165 1.
808 4115 835 4163 c.
856 4095 1015 4180 legamusz
1045 4093 1267 4178 „novissimum
