3300 5018
773 395 985 463 ..24-

354 560 387 634 d'
411 566 445 635 ἐν
474 561 585 646 αὐτοῖς
614 564 677 634 εἱσι
708 562 869 652 μεγάλαι),
901 570 959 634 sed
989 566 1108 635 similes
1142 568 1270 650 quidem
1299 572 1403 633 struo-

353 687 464 762 turae,
495 683 672 763 praemisso
701 680 904 765 praedicato,
936 679 1065 763 saepius
1098 679 1185 762 apud
1215 677 1403 746 Strabonem

312 816 315 821 ·
354 793 592 859 inveniuntur.“

439 939 562 1019 Quibus
585 940 680 1005 rebus
703 940 941 1006 demonstrasse
962 938 1041 1004 mihi
1070 939 1180 1004 videor
1207 937 1330 1003 nullum
1353 956 1404 1002 ar·

353 1056 539 1132 gumentum
562 1057 614 1117 sat
634 1050 760 1117 firmum
783 1070 864 1127 esso,
886 1071 948 1133 quo
964 1049 1196 1116 Zimmermann
1219 1048 1310 1114 nobis
1332 1067 1404 1130 per·

357 1164 494 1229 suadeat
522 1164 760 1230 Artemidorum
789 1161 904 1245 peripli
931 1167 1093 1228 auctorem
1123 1179 1203 1227 esse.
1248 1159 1320 1225 Huc
1351 1177 1404 1224 ao-

355 1276 450 1356 oedit,
473 1277 558 1357 quod
581 1293 606 1341 o.
633 1277 661 1356 1,
684 1275 704 1339 9
725 1294 757 1355 p.
779 1274 839 1337 140
862 1276 940 1338 extr.
965 1274 997 1339 0.
1020 1292 1180 1353 mensura,
1202 1291 1284 1355 quae
1305 1289 1404 1354 quan·

356 1391 424 1450 tum
455 1386 540 1451 inter
569 1404 604 1452 11
635 1387 756 1452 distent
785 1385 1042 1468 promunturium
1073 1383 1205 1450 Sacrum
1236 1389 1269 1450 et
1297 1381 1405 1448 Gades

356 1497 485 1578 indicat,
507 1498 601 1578 plane
624 1497 762 1563 discedit
784 1497 824 1564 ab
847 1496 1042 1562 Artemidori
1064 1494 1101 1561 fr.
1123 1498 1159 1561 11
1183 1495 1283 1577 <apud
1299 1493 1403 1561 Strab.

354 1607 474 1690 1112,
501 1607 758 1691 11111480).
799 1605 880 1672 Nam
904 1626 929 1674 c.
957 1609 984 1690 1,
1007 1607 1027 1671 9
1054 1607 1114 1673 hoc
1137 1606 1278 1692 spatium
1300 1606 1405 1672 minus
1483 1681 1486 1687 ,

356 1718 513 1801 200011,
536 1738 561 1785 1.
577 1722 607 1802 2,
632 1721 670 1784 11
693 1711 756 1785 111
779 1719 917 1801 amplius
940 1719 1079 1786 170011.
1103 1719 1223 1802 porrigi
1246 1722 1405 1798 narratur,

356 1849 451 1912 quam
472 1851 540 1897 rem
563 1832 795 1897 Zimmermann
818 1831 865 1895 ita
888 1830 1036 1913 explicat,
1059 1837 1096 1896 ut
1117 1824 1271 1905 ἐλάττους
1291 1821 1311 1916 ἢ
1333 1826 1403 1891 δισ-

354 1936 477 2020 χιλίους
498 1943 580 2009 idem
604 1943 712 2008 valere
734 1942 822 2008 dicat
843 1947 939 2024 atque
963 1940 1047 2007 1700
1061 1945 1101 2006 st.
1146 1939 1209 2006 Sed
1231 1958 1290 2006 nec
1311 1939 1406 2023 plane

357 2052 507 2136 intellego
531 2071 669 2136 oausam,
701 2072 764 2136 qua
785 2059 978 2119 commotum
1002 2052 1188 2119 Strabonem
1211 2051 1271 2118 hoc
1293 2049 1406 2117 iecisse

356 2167 461 2245 putat,
484 2170 517 2230 et
539 2184 578 2230 ex
609 2166 635 2231 α’
659 2168 688 2246 1,
710 2163 730 2228 9
752 2185 783 2246 p.
809 2164 927 2230 1400.
958 2164 1134 2230 certissime
1167 2163 1270 2228 evinci
1299 2166 1406 2245 potest

357 2294 424 2341 rem
449 2275 497 2341 ita
526 2294 562 2343 se
583 2296 644 2342 non
667 2275 795 2342 habere.
841 2276 954 2341 Altera
982 2277 1066 2342 onim
1093 2295 1244 2342 mensura
1265 2274 1343 2354 (230
1364 2294 1405 2339 m.

358 2406 389 2466 p.
411 2415 453 2439 =
479 2387 562 2454 1840
583 2390 655 2469 st),
677 2406 761 2470 quae
781 2386 822 2452 de
851 2387 963 2453 eodem
992 2388 1098 2469 spatio
1122 2382 1350 2468 11111111(τιυὲς
1372 2376 1405 2448 δ’

358 2489 428 2561 ἆττδ
459 2495 520 2580 μὲν
552 2500 610 2562 τοῦ
635 2491 735 2584 Ἱεροῦ
770 2489 1087 2582 ἀκρωτηρίου....),
1122 2516 1192 2563 cum
1226 2501 1408 2579 opponatur

358 2609 458 2690 priori
480 2603 651 2690 (ἐλάττους
672 2602 692 2696 ἢ
713 2603 891 2688 δισχιλίους
914 2604 1091 2691 σταδίους),
1115 2610 1338 2692 consequitur,
1370 2613 1408 2673 ut

360 2719 473 2785 Strabo
504 2722 537 2785 in
571 2721 706 2787 circuitu
744 2739 911 2786 numerum
946 2721 1078 2803 legerit,
1121 2722 1174 2803 qui
1208 2722 1312 2787 minor
1343 2718 1406 2785 fuit

360 2832 447 2898 2000
468 2839 508 2899 st.
533 2839 566 2898 11
587 2833 690 2898 maior
712 2831 858 2898 184011.
918 2911 921 2918 Ι

444 2978 532 3044 Nihil
555 2978 655 3060 igitur
682 2980 860 3061 invonitur,
889 2979 973 3061 quod
996 2981 1233 3047 Artemidorum
1255 2979 1408 3046 circuitus

359 3095 522 3156 auctorem
545 3109 617 3157 esse
638 3095 795 3158 testetur:
819 3092 915 3156 immo
940 3111 1015 3157 vero
1030 3091 1181 3157 nonnulla
1203 3093 1248 3157 ita
1270 3089 1408 3172 obstant,
1450 3083 1451 3086 '
1505 3166 1508 3172 Ι

360 3208 397 3269 11
430 3202 626 3268 contrarium
661 3203 874 3298 certissimum
912 3203 964 3269 sit.
1024 3203 1112 3281 Quae
1145 3204 1303 3269 sententia
1337 3220 1408 3268 mea

358 3313 483 3380 duabus
510 3318 681 3396 praeterea
711 3312 808 3379 rebus
831 3312 1053 3394 confirmatur,
1083 3314 1220 3395 primum
1243 3314 1329 3396 quod
1349 3332 1409 3395 per

359 3445 479 3492 senon
502 3443 618 3508 magna
649 3443 719 3490 cum
743 3427 849 3506 specie
879 3427 949 3492 veri
971 3426 1108 3491 sumitur
1129 3426 1305 3509 Hispaniae
1334 3444 1407 3491 oras

359 3556 477 3603 oceano
500 3537 620 3602 cinctas
642 3538 879 3603 Artemidorum
914 3541 1026 3603 exacte
1056 3538 1176 3604 dixisse
1198 3538 1324 3604 collatis
1357 3537 1407 3602 his

358 3647 452 3714 locis:
484 3648 582 3714 Marc.
614 3649 691 3714 Her.
722 3648 781 3729 Ep.
816 3648 886 3714 Per.
923 3648 1106 3731 Menipp3
1138 3647 1268 3730 (Mdller
1290 3649 1327 3714 G.
1352 3648 1406 3714 Gr.

359 3760 466 3840 min.):
497 3751 768 3844 (Ἀρτεμίδωρος)
788 3751 996 3840 θεασάμενος
1020 3757 1057 3822 δὲ
1086 3757 1142 3824 καὶ
1164 3755 1221 3846 τὴν
1250 3760 1345 3845 νῆσον
1366 3754 1408 3823 coi

360 3863 500 3953 ,Γοίδειρα
527 3865 582 3934 καὶ
605 3864 687 3954 μέρη
709 3865 781 3933 τινὰ
803 3871 860 3956 τῆς
882 3866 977 3946 octog
997 3864 1183 3956 θαλάττης,
1205 3861 1243 3958 ἢν
1265 3862 1406 3934 ὠκεανδν

359 3977 504 4066 καλοῦσι,
527 3981 583 4066 τῆς
604 3977 665 4071 μὲν
688 3972 842 4074 ἀκριβοῦς
862 3976 1068 4072 γεωγραφίας
1098 3975 1262 4064 λείπεται,
1292 3979 1350 4046 τὸν
1371 3978 1408 4048 δὲ
