3292 5006
787 390 998 458 ..55-

369 566 475 631 'auxilii
500 565 756 646 Agatharchides
778 565 817 630 iis
846 566 924 630 locis
947 563 1115 646 praebeat,
1146 581 1224 644 quos
1253 563 1416 643 hucusque

369 679 504 742 nondum
529 679 570 742 ad
594 677 787 741 Artemidori
810 677 1032 742 auctoritatem
1063 675 1216 762 revocavi.
1261 674 1415 752 Quicum

368 790 399 852 in
431 788 481 852 bis
514 788 693 872 regionibus
727 786 941 853 describendis
980 786 1218 868 Agatharchide
1251 803 1327 849 usus
1363 784 1416 864 sit,

369 883 465 964 etiam
488 919 526 965 ea
546 897 660 978 omnia,
683 917 763 979 quae
786 899 870 979 apud
887 898 1071 964 Strabonem
1095 916 1164 963 cum
1182 895 1417 977 Agatharchide

370 1018 555 1091 congruunt,
578 1030 616 1075 ex
638 1010 840 1074 Artemidoro
861 1009 963 1090 petita
985 1014 1068 1073 sunt.

455 1121 520 1202 Nec
543 1139 615 1203 spes
638 1140 693 1186 nos
716 1121 837 1186 fefellit.
882 1121 1034 1186 Videmus
1056 1121 1139 1184 enim
1163 1121 1181 1201 S
1204 1119 1223 1183 9
1246 1139 1276 1199 p.
1298 1119 1356 1183 771
1383 1120 1416 1184 C.

370 1233 567 1297 enuntiatum
593 1227 703 1313 τόξοις
733 1229 906 1316 χρωμένων
935 1226 1126 1327 καλαμίνοις
1158 1226 1213 1292 καὶ
1246 1252 1417 1315 ντεντυρακ-

370 1341 526 1426 τιυμὲνοις
557 1336 684 1420 ὀϊστοῖς
713 1345 754 1410 ad
786 1344 917 1408 eandem
947 1361 1012 1406 rem
1045 1349 1205 1422 spectare,
1243 1343 1284 1404 ad
1322 1359 1417 1421 quam

370 1454 461 1520 Phot.
484 1456 535 1534 52,
557 1450 623 1519 εἰσὶ
645 1452 701 1518 καὶ
722 1449 852 1536 τοξείας
874 1448 1095 1540 ἐπιστήμονες.

456 1567 474 1648 ξ
500 1568 540 1632 10
560 1587 591 1649 p.
608 1567 670 1632 772
694 1566 728 1632 O.
760 1567 873 1631 ultima
903 1555 1001 1630 verba
1030 1561 1106 1640 τοδς
1136 1562 1173 1628 δὲ
1202 1561 1353 1648 κυνηγοὺς
1386 1560 1418 1629 ολ

372 1672 525 1760 Νομάδες
547 1669 756 1763 ἀκαθάρτους
786 1675 939 1741 καλοῖσιν
961 1681 1129 1742 occurrunt
1151 1676 1235 1757 apud
1260 1675 1417 1756 Agathar-

372 1790 495 1855 chidcm
519 1789 559 1854 57
583 1789 681 1871 (apud
705 1789 830 1870 Phoci:
860 1775 1005 1853 ὅτιτῶν
1034 1788 1173 1872 κυνηγῶν
1202 1782 1340 1866 τούτων,
1365 1775 1419 1862 οὓς

373 1896 402 1964 οἳ
427 1897 579 1985 Νομάδες
601 1893 811 1987 ἀκαθάρτους
833 1900 943 1964 καλεῖν
965 1892 1146 1963 εἰώθασιν.
1165 1948 1172 1961 .
1190 1947 1222 1962 ..

456 2012 492 2074 In
528 2014 638 2078 eadem
672 2005 873 2094 paragrapho
905 2032 935 2093 p.
960 2012 1021 2076 772
1044 2010 1077 2075 C.
1100 2010 1159 2074 in.:
1192 2007 1277 2084 τινὲς
1305 2007 1341 2073 δὲ
1363 2007 1419 2073 καὶ

372 2118 567 2206 τοξεύμασιν
603 2125 644 2188 ad
672 2127 730 2200 τοῦ
768 2115 798 2186 δ’
833 2118 984 2199 ἕλκοντος
1019 2119 1075 2208 τὴν
1106 2119 1219 2207 νευράν
1250 2121 1419 2185 concinunt

374 2253 443 2296 cum
467 2235 584 2314 Agath.
607 2234 886 2317 mapparum,
910 2253 971 2298 uuo
994 2238 1141 2314 excepto,
1173 2232 1255 2312 quod
1280 2251 1329 2296 me
1351 2231 1419 2313 qui-

374 2347 444 2408 dem
468 2346 571 2411 iudice
594 2366 654 2410 uon
677 2347 811 2411 multum
828 2344 941 2426 retert;
964 2346 1137 2410 secundum
1161 2344 1242 2410 enim
1259 2343 1419 2424 Agathar-

374 2456 498 2521 chidem
520 2458 581 2522 duo
603 2458 664 2523 viri
683 2477 811 2523 nervum
835 2457 928 2521 unius
944 2453 1036 2520 arcus
1059 2456 1201 2536 trahunt,
1224 2476 1317 2538 quem
1339 2475 1421 2520 unns

374 2573 471 2648 tenet,
494 2586 563 2632 cum
587 2570 672 2651 apud
691 2569 877 2634 Strabonem
902 2569 964 2632 duc
988 2573 1126 2647 teneant,
1149 2585 1230 2632 unus
1253 2567 1371 2632 trahat.

461 2679 551 2756 Quod
576 2681 594 2762 ξ
619 2683 655 2745 11
680 2700 710 2761 p.
727 2681 789 2745 772
813 2679 845 2745 O.
870 2681 953 2760 apud
980 2678 1166 2744 Strabonem
1190 2679 1263 2743 inde
1294 2678 1333 2743 ab
1356 2681 1421 2762 11η-

376 2786 501 2878 ρεδουσι
518 2784 551 2855 δ’
569 2784 684 2867 αὐτούς
694 2793 743 2855 ἀδ
759 2789 800 2855 τά
816 2789 960 2874 δέρματα
975 2792 1075 2854 ταῦτα
1091 2796 1248 2868 narratur,
1261 2790 1294 2854 id
1310 2788 1421 2870 paucis

376 2903 481 2968 verbis
512 2903 711 2985 persequitur
741 2902 858 2983 Agath.
881 2901 921 2965 57
952 2921 1002 2982 ap.
1033 2901 1139 2965 Phot:
1170 2895 1200 2964 οἱ
1231 2895 1425 2984 καλούμενοι

378 3009 642 3100 Στρουθοφάγοι,
675 3009 712 3079 οἳ
730 3010 850 3090 ταύτας
874 3016 929 3098 (se.
952 3010 1012 3089 τὰς
1034 3009 1228 3096 στρουδοδς)
1251 3008 1425 3097 τέχνῃκαὶ

377 3121 462 3209 δόλῳ
485 3124 542 3190 καὶ
563 3122 722 3211 ῥοπάλοις
744 3121 936 3210 θηρεύοντες
959 3120 995 3188 ἐκ
1023 3121 1145 3188 τοτ’τιυν
1166 3126 1291 3205 βιοῦσι,
1316 3118 1423 3187 σιτοδ-

376 3259 467 3319 μενοι
496 3235 557 3320 μὲν
589 3235 648 3314 τάς
669 3233 801 3320 σάρκας,
834 3234 868 3300 ἐν
898 3231 988 3300 δύσει
1019 3233 1055 3299 δὲ
1084 3232 1140 3299 καὶ
1170 3234 1322 3322 στρωμνῇ
1351 3237 1423 3310 τοῖς

377 3340 482 3411 αὐτῶν
502 3344 661 3434 χρώμενοι
685 3345 852 3431 δέρμασιν.

465 3461 511 3524 De
541 3460 716 3524 nutriendis
747 3460 872 3524 conchis
902 3460 1094 3538 edendisque
1122 3458 1207 3539 apud
1236 3457 1424 3523 Strabonem

379 3573 397 3653 ξ
429 3573 468 3637 13
501 3591 531 3652 p.
558 3573 619 3637 773
653 3573 692 3639 0:
727 3562 784 3635 εἶτ)
819 3566 951 3650 ἰχθύδια
982 3572 1023 3635 ad
1056 3567 1090 3634 ἐν
1128 3570 1167 3659 τῇ
1206 3572 1270 3634 τῶν
1303 3565 1425 3649 ἰχθύων

379 3678 497 3748 σπάνει
530 3685 673 3765 porcine,
705 3684 791 3765 apud
820 3683 937 3764 Agath.
962 3680 1003 3747 35
1032 3702 1083 3764 ap.
1114 3682 1207 3747 Phot.
1239 3682 1427 3762 explicatius

380 3801 548 3861 tractatur.

467 3907 485 3987 ξ
510 3906 549 3973 15
571 3926 601 3988 p.
627 3908 690 3972 774
712 3906 751 3972 0:
783 3900 925 3991 πληθύει
954 3898 988 3970 δ’
1013 3902 1168 3989 ἐλέφασιν
1190 3906 1232 3970 ad
1254 3902 1337 3968 κατά
1370 3903 1427 3992 τὴν

377 4009 538 4102 Ἀραβίαν
559 4018 805 4104 comparandum
828 4022 878 4083 est
900 4037 971 4084 cum
986 4017 1103 4098 Agath.
1122 4018 1172 4096 68,
1189 4017 1229 4084 69
1252 4036 1303 4101 ap.
1325 4016 1428 4094 Phoe..
