3292 5006
633 425 845 496 ..67-

216 598 291 680 quin
324 596 357 662 hi
380 602 447 665 tres
475 599 616 666 eiusdem
644 600 753 683 populi
783 619 888 668 mores
911 607 1074 684 enarrent,
1097 603 1215 671 Mdller
1237 603 1268 670 in

217 710 423 777 adnotatione
444 713 486 776 ad
509 711 627 793 Agath.
642 713 685 779 52
707 732 757 795 ap.
779 713 872 778 Phot.
896 714 1167 795 Agatharchidem
1191 716 1269 781 hacc

217 819 284 885 fare
314 821 415 887 verba
443 823 608 905 scripsisse
639 824 758 905 optime
788 825 986 906 suspicatur:
1016 819 1048 889 οἱ
1076 822 1269 910 καλούμενοι

218 932 379 1020 Γυμνήιαι
401 917 544 1020 κυνηγοί,
578 940 653 999 ante
676 954 758 1018 quae
781 955 831 1002 me
853 936 958 1004 iudice
980 938 1099 1002 mentio
1121 939 1270 1005 Enderae

216 1042 303 1111 facta
325 1051 403 1110 erat.
448 1045 550 1122 Quam
566 1047 770 1129 copiosiorem
787 1047 946 1113 nominum
969 1054 1003 1114 et
1017 1050 1156 1132 regionis
1179 1069 1269 1115 cnar-

139 1195 141 1202 1
217 1157 371 1221 rationem
394 1149 526 1224 Photius
557 1163 590 1223 et
612 1158 772 1224 Diodorus
801 1160 911 1225 eodem
944 1160 1036 1225 modo
1068 1162 1269 1227 decurtatam

217 1266 360 1348 proferre
382 1287 442 1333 non
459 1274 641 1352 potuerunt,
664 1270 778 1336 nisiex
801 1271 912 1337 eadem
928 1271 1269 1353 epitome-hauserunt.

204 1379 408 1446 'Tribuamus
428 1380 528 1462 igitur
551 1382 751 1446 Artemidoro
773 1383 870 1451 verba
892 1383 911 1465 ξ
933 1383 954 1448 9
975 1403 1006 1465 p.
1023 1384 1083 1449 771
1109 1383 1149 1450 C:
1173 1373 1210 1471 ἦν
1234 1383 1272 1449 δέ

218 1513 268 1566 τις
289 1492 331 1557 ad
353 1487 514 1556 κατοικία.

302 1601 475 1670 Praeterea
496 1604 593 1680 etiam
625 1605 663 1688 ἓξ
687 1605 726 1670 18
748 1625 780 1688 p.
796 1605 859 1671 776
881 1605 914 1671 G.
945 1607 988 1671 ad
1016 1607 1059 1671 20
1089 1626 1121 1689 p.
1139 1608 1201 1674 779
1225 1607 1269 1690 (t,

219 1713 394 1795 dequibus
425 1715 507 1781 inira
529 1716 673 1782 dicturus
702 1735 789 1797 sum,
821 1723 895 1782 sunt
927 1718 1077 1783 nonnulla
1106 1718 1201 1784 huius
1224 1721 1271 1785 rei

218 1825 372 1908 exempla
415 1827 452 1892 In
476 1827 581 1892 media
610 1827 693 1893 enim
715 1827 781 1894 fere
813 1829 832 1911 ξ
857 1830 896 1895 18
917 1849 949 1911 p.
968 1830 1028 1895 777
1053 1829 1087 1895 G.
1111 1833 1196 1911 apud
1220 1849 1269 1896 so-

218 1936 283 2001 lum
307 1937 493 2003 Strabonem
518 1938 621 2004 insula
643 1939 706 2004 Dia
737 1939 934 2021 nominatur,
958 1959 1027 2006 cum
1051 1941 1167 2022 omnia,
1189 1960 1271 2022 quae

218 2049 412 2130 praecedunt
443 2055 477 2113 et
512 2067 593 2131 quae
626 2057 819 2132 sequuntur,
857 2049 935 2115 bene
968 2052 1167 2118 consentiant
1200 2071 1269 2117 cum

219 2160 336 2242 Agath.
353 2160 403 2235 89,
425 2161 468 2227 90
490 2179 541 2241 ap.
564 2159 669 2240 Phoc,
692 2167 724 2226 et
746 2161 885 2226 Diodoro
900 2162 958 2226 III.
979 2163 1031 2242 43,
1053 2162 1104 2227 44.
1149 2164 1270 2229 Eadem

220 2276 267 2336 est
290 2271 581 2353 reducendorum,
604 2290 686 2354 quae
708 2273 804 2353 paulo
826 2278 898 2354 post
920 2279 1111 2354 sequuntur3
1135 2276 1270 2356 exempli

219 2381 334 2464 gratia,
356 2401 437 2464 quae
459 2402 566 2449 omnes
590 2390 656 2449 tres
678 2389 806 2449 autores
828 2394 969 2464 narrant,
993 2385 1184 2452 exscribam:

307 2494 436 2559 Strabo:
461 2484 517 2559 εἶτ’
542 2489 656 2580 ἔρημοι
677 2497 766 2580 τρεῖς
794 2494 885 2583 νήσοι
909 2490 1045 2584 πλήρεις
1075 2493 1201 2578 ἐλαιῶν,
1233 2489 1270 2561 οὐ

220 2605 283 2670 τῶν
298 2597 376 2692 παρ’
393 2598 480 2694 ήμῖν,
504 2598 588 2671 ἀλλὰ
611 2608 675 2670 τῶν
690 2602 860 2686 ἐντοπίων,
883 2597 931 2683 ἃς
952 2606 1165 2693 καλοῦμεν
1187 2613 1227 2672 A
1234 2603 1271 2673 ί-

220 2712 448 2794 θιοπικοίς,
471 2707 524 2782 ὧν
545 2715 590 2781 τδ
613 2713 799 2803 δοίκροον
823 2715 894 2782 καὶ
917 2713 1120 2806 ἰατρικῆς
1141 2715 1270 2784 δυναί-

223 2824 329 2912 μεώς
351 2823 480 2892 ἐστιν.
526 2825 643 2916 ἐφεξῆς
666 2821 696 2892 δ’
722 2825 812 2894 ἐστίν
834 2825 981 2913 αἰγιαλὸς
1003 2825 1207 2916 λιθώδης...

305 2939 398 3005 Diod.
421 2921 479 3004 111.
501 2940 554 3022 44,
576 2941 614 3005 3:
638 2935 729 3028 Ἑξῆς
762 2937 799 3004 δὲ
821 2940 860 3026 τῇ
882 2937 1099 3029 προειρημένῃ
1120 2937 1271 3028 παραλίᾳ

222 3055 312 3138 νήσοι
334 3052 423 3137 τρεῖς
446 3045 645 3131 ἐπίκεινται,
674 3049 808 3136 λιμένας
830 3055 988 3116 ποιοῦσαι
1011 3048 1153 3130 πλείους.
1201 3051 1273 3117 Καὶ

223 3159 347 3228 τούτων
367 3160 424 3250 τήν
453 3160 514 3246 μὲν
535 3159 668 3249 πρώτην
691 3158 878 3247 ἱστοροῦσιν
898 3157 1056 3246 ῦποίρχειν
1082 3159 1176 3251 Ιίερδιν
1188 3157 1271 3229 ''Iot-

223 3275 287 3355 δος,
303 3269 422 3360 ἔρημον
437 3265 536 3339 οὖσαν
548 3323 555 3340 .
569 3323 576 3338 .
588 3324 617 3340 ..
639 3269 755 3351 πάσας
770 3267 801 3340 δ’
818 3271 944 3352 ἐλαίαις
959 3278 1274 3361 καταπεφιπεῦσθαι
1364 3357 1366 3362 Ι

224 3382 397 3473 διαφόροις
429 3386 494 3450 τῶν
530 3378 607 3470 παρ’
642 3380 730 3473 ήμῖν.
767 3386 825 3469 (4).
864 3379 963 3451 Maca
996 3384 1033 3450 δέ
1064 3384 1125 3463 τδς
1159 3381 1274 3474 νήσους

208 3492 342 3574 ,ταύτας
364 3492 513 3582 αίγιαλδς
534 3492 675 3586 παρήκει
696 3492 894 3582 κρημνώδης.

308 3609 426 3690 Agath.
450 3610 488 3674 91
514 3628 565 3690 ap.
589 3609 681 3674 Phot.
718 3605 782 3695 Τὴν
805 3601 837 3671 δ’
862 3603 1028 3694 εἰρημένην
1051 3602 1161 3694 χώραν
1182 3611 1274 3696 νήσοι

224 3723 313 3810 τρεῖς
334 3717 529 3801 ἐκδέχονται,
552 3717 686 3804 λιμένας
708 3718 865 3785 ποιοῦσαι
887 3715 1022 3796 πλείους
1035 3767 1042 3784 .
1056 3769 1063 3785 .
1077 3769 1105 3784 ..
1136 3715 1275 3807 ἐρήμους
1318 3711 1320 3718 “

225 3831 261 3898 δὲ
282 3827 396 3910 παίσας
419 3829 476 3898 καί
499 3827 651 3908 συσκίους
673 3827 808 3912 ἐλαίαις,
831 3824 867 3896 οῦ
883 3833 958 3909 ταῖς
981 3824 1057 3918 παρ>
1081 3825 1167 3918 ήμῖν,
1191 3823 1275 3895 ἀλλὰ

225 3947 298 4022 ταῖς
314 3941 349 4009 ἐν
361 3940 497 4020 ἐκείνοις
511 3946 584 4021 τοῖς
598 3939 718 4020 τόποις
734 3939 921 4029 φοομέναις.
941 3943 1022 4027 (92).
1043 3939 1141 4008 Μετὰ
1158 3939 1195 4006 δὲ
1216 3939 1276 4018 τὰς

228 4051 341 4134 νίσους
361 4055 422 4134 τοῖς
445 4053 632 4140 ἐκκειμένας
651 4051 744 4119 ἐστίν
774 4048 857 4119 ἰδεῖν
879 4049 1028 4138 αῖγιαλδν
1049 4048 1224 4140 λιθώδη..
1241 4103 1249 4118 .
1266 4102 1275 4120 .

1031 4163 1070 4220 5*
