3300 5018
652 440 864 508 ..29-

271 613 329 680 III.
345 615 374 698 1,
397 615 417 679 3
438 634 470 697 p.
489 613 550 680 137
573 615 606 680 G.
631 611 743 680 ...τὸ
812 616 854 678 Π.
876 613 915 696 5,
938 613 979 678 27
1012 612 1282 696 p.127‚1280.

231 722 268 790 δὲ
298 719 454 813 νότιονή
484 748 518 804 τη
550 717 626 790 aae‘
659 719 744 812 ἡμᾶς
769 720 848 810 αὕτη
886 724 943 806 (se.
977 715 1112 811 Ἰβηρία)
1142 717 1175 788 δ”
1212 721 1284 789 ἐστὶ

228 831 383 902 θάλαττα
413 829 482 902 ἀπὸ
514 837 570 924 τῆς
595 831 744 924 Πυρήνης
769 831 963 922 περίρρυτος
995 836 1034 923 τῇ
1062 830 1214 924 θαλάττῃ
1244 833 1283 899 τὸ

229 944 324 1035 μέχρι
349 947 488 1035 Στηλῶν.
768 944 829 1031 μὲν
865 940 971 1013 νότιον
1005 970 1046 1034 τη
1082 939 1159 1012 καθ’
1198 941 1284 1031 {pag

769 1055 863 1146 μέχρι
887 1057 1026 1145 Στηλῶν,

356 1200 511 1292 τέταρτον
544 1202 581 1269 δὲ
615 1201 653 1269 τὸ
690 1199 741 1268 ε’ν-
810 1199 851 1268 τὰ
883 1200 920 1268 δὲ
947 1200 1052 1270 λοιπὰ
1080 1204 1120 1290 τῇ
1145 1195 1282 1268 Ἀτλαν·

230 1420 339 1514 ἄκρων
360 1426 417 1514 τής
438 1422 595 1515 Πυρήνης.
765 1418 875 1512 ἄκρων
888 1429 944 1513 τῆς
966 1420 1123 1514 Πυρήνης.

315 1618 430 1699 Itaque
452 1616 600 1682 dubitare
630 1636 693 1682 non
722 1634 905 1698 possumus,
936 1615 1011 1697 quin
1044 1618 1182 1698 utroque
1211 1614 1281 1681 loeo

229 1729 313 1796 idem
350 1729 423 1795 fons
455 1730 646 1794 statuendus
684 1730 736 1795 sit.
802 1729 847 1792 At
880 1726 1007 1793 interim
1040 1726 1159 1793 dixerit
1193 1727 1279 1808 qnis-

228 1840 333 1922 piam,
370 1840 413 1905 II.
447 1839 486 1923 5,
517 1841 559 1905 27
597 1860 628 1922 p.
653 1841 731 1921 127,
763 1839 824 1904 128
855 1839 888 1905 0.
923 1837 1170 1904 Eratosthenem
1206 1857 1281 1904 auo·

229 1957 331 2018 torem
353 1970 442 2032 esse,
477 1970 548 2017 curn
582 1952 611 2016 is
645 1969 769 2033 quoque
802 1947 1111 2021 secundumssStrab.
1135 1949 1283 2030 11.4,4

228 2085 258 2147 p.
284 2063 345 2130 106
373 2063 405 2130 0.
437 2062 628 2144 Hispaniam
660 2061 746 2128 6000
774 2065 813 2127 st.
844 2060 971 2142 longam
1004 2078 1074 2126 esse
1101 2060 1280 2126 tradiderit.

229 2173 292 2239 Sed
321 2174 377 2239 illa
406 2175 470 2239 duo
501 2171 613 2238 dubito
643 2191 719 2266 num
749 2189 821 2237 eum
851 2171 911 2237 hae
933 2170 1091 2236 sententia
1118 2171 1281 2237 conciliari

228 2284 361 2366 possint
390 2302 499 2363 unum,
529 2284 615 2365 quod
636 2301 735 2365 snpra
757 2283 802 2364 (p.
827 2280 880 2362 15)
913 2282 1052 2347 vidimus
1073 2282 1282 2350 Eratostheni

229 2415 282 2462 res
297 2395 489 2476 Hispanioas
512 2413 573 2460 non
596 2395 676 2461 satis
699 2399 793 2460 notas
813 2392 923 2474 fuisse,
946 2393 1090 2474 aiterum,
1114 2396 1198 2476 quod
1221 2394 1279 2460 ΠΙ.

231 2508 259 2589 1,
275 2507 295 2572 3
310 2528 341 2591 p.
356 2507 415 2572 137
433 2507 466 2573 0.
481 2506 688 2572 Posidonium
711 2511 874 2573 auctorem
896 2505 966 2572 iure
981 2505 1149 2586 sumimus;
1171 2505 1280 2588 itaque

227 2619 268 2684 Π.
291 2618 322 2702 5,
342 2619 382 2684 27
406 2638 437 2701 p.
462 2619 534 2698 127,
558 2618 620 2683 128
642 2615 676 2684 (i.
700 2618 785 2683 idem
808 2616 1012 2682 statuendum
1035 2623 1103 2698 est,
1133 2634 1280 2696 praeser-

227 2732 285 2796 tim
309 2749 381 2796 oum
397 2728 534 2796 sciamus
557 2728 764 2794 Posidonium
785 2729 818 2793 in
846 2727 986 2794 secundo
1010 2727 1176 2794 Strabonis
1198 2728 1280 2793 libro

228 2842 414 2926 saepissime
435 2839 614 2906 adhibitum
638 2859 719 2907 esse.

314 2954 415 3031 Quem
445 2953 476 3019 in
508 2952 638 3017 modum
666 2957 854 3035 postquam,
883 2951 955 3033 quis
986 2949 1138 3016 circuitus
1168 2957 1281 3017 auctor

228 3061 342 3144 inerit,
365 3065 598 3147 demonstravi,
621 3067 741 3145 restat,
770 3069 807 3128 ut
828 3062 1025 3143 discernam,
1048 3080 1130 3144 quae
1152 3062 1281 3128 aliunde

229 3174 342 3240 addita
363 3181 445 3241 sunt.

314 3284 466 3366 incipiam
497 3304 565 3353 aa.
591 3287 662 3368 1,6
691 3306 722 3369 p.
748 3284 878 3368 1390,
911 3284 966 3351 ubi
997 3285 1096 3351 verba
1117 3283 1156 3350 ab
1189 3274 1280 3372 ήνυῖ

230 3393 388 3459 Κελτικοὶ
401 3392 552 3480 νέμονται
567 3399 609 3462 ad
631 3391 696 3461 ὑπὸ
712 3390 880 3480 Ῥωμαίων
901 3381 1135 3462 Zimmermann
1157 3414 1188 3477 p.
1204 3395 1278 3477 336,

229 3507 291 3572 337
315 3507 418 3572 eidem
447 3512 534 3573 recte
564 3506 678 3574 tribuit
708 3508 847 3589 auctori,
879 3508 930 3573 oui
953 3525 978 3572 o.
1002 3502 1041 3589 3,
1062 3504 1084 3572 5
1106 3525 1136 3588 p.
1162 3506 1224 3572 154
1246 3509 1278 3574 0.

228 3618 373 3685 ultimam
388 3623 514 3700 partem
537 3619 576 3686 ab
591 3609 781 3702 εὐδαίμονος
803 3615 840 3682 δὲ
854 3619 913 3705 τῆς
932 3611 1041 3704 χώρας
1062 3612 1282 3705 ὑπαρχούσης.

227 3731 315 3798 Bene
337 3735 444 3796 autem
467 3731 680 3813 consentiunt,
702 3749 785 3812 quae
805 3731 985 3812 posteriore
1006 3729 1076 3796 loco
1097 3736 1279 3814 narrantur,

228 3860 298 3908 cum
329 3841 460 3924 Pol'ybio
492 3841 551 3925 34,
574 3842 612 3924 8,
633 3841 881 3923 4,(Ηυλῖυυο),
914 3843 1023 3923 itaque
1046 3861 1085 3908 ex
1117 3861 1155 3908 eo
1187 3842 1281 3909 fiuxit

229 3959 365 4036 utraque
386 3972 472 4035 pars.
516 3953 585 4018 Iam
607 3972 684 4020 vero
715 3970 788 4019 oum
809 3954 948 4020 sciamus
977 3955 1067 4020 iussu
1089 3953 1184 4042 Bruti
1206 3955 1279 4021 (ial-

229 4062 310 4134 laeoi
330 4064 503 4132 Lusitanos
526 4065 607 4132 alias
629 4065 662 4130 in
684 4065 777 4131 sedes
798 4065 1056 4148 transmigrasse,
1087 4066 1173 4149 quod
1194 4067 1278 4136 idem
