3300 5018
793 463 1004 529 ..44.„

373 627 496 718 λόφοις.
535 634 594 701 Vel
610 635 725 701 Strabo
747 634 767 699 l.
780 634 798 700 l.
823 629 956 698 ἀκόντια
979 627 1012 699 δ’
1037 629 1173 710 ἕκαστος
1189 628 1308 698 πλείω·
1331 629 1418 709 τινὲς

374 742 410 808 δὲ
428 742 483 809 καὶ
506 740 620 827 δόρατι
633 744 786 832 χρῶνται,
810 741 1039 830 ἐπιδορατίδες
1060 743 1097 808 δὲ
1117 740 1250 824 χάλκεαι
1272 751 1305 809 et
1327 745 1419 808 Diod.
1470 739 1479 756 ’

372 856 409 920 V.
427 858 478 937 34,
500 858 537 924 5:
558 860 698 942 χρῶνται
715 855 751 922 δὲ
772 855 827 921 καί
844 853 987 933 σαυνίοις
1010 851 1214 944 ὁλοσιδήροις
1235 849 1418 940 ἀγκιστρώ-

373 966 471 1032 δεσιν.

356 1122 359 1130 -
457 1080 545 1156 Quae
568 1099 772 1162 comparum
796 1081 984 1162 conspirent,
1009 1080 1137 1145 minime
1159 1079 1271 1145 dubito
1286 1078 1419 1144 Milllen-

371 1189 468 1255 hoifio
500 1192 706 1273 adstipulari,
737 1193 791 1273 qui
815 1193 834 1256 l.
858 1193 877 1256 l.
900 1191 940 1255 ΙΙ.
963 1212 994 1273 p.
1011 1192 1071 1256 311
1097 1209 1204 1257 carere
1233 1191 1317 1255 omni
1346 1209 1419 1272 pro-

371 1301 548 1367 babilitatis
570 1303 674 1382 specie
697 1303 785 1383 dicit,
809 1302 996 1369 Strabonem
1018 1307 1051 1367 et
1074 1302 1246 1367 Diodorum
1271 1301 1420 1368 hocloco

371 1414 506 1478 eundem
528 1419 689 1479 auctorem
712 1415 809 1496 sequi.
856 1414 1013 1479 Diodorus
1042 1432 1118 1479 vero
1147 1433 1218 1480 cum
1249 1432 1307 1497 sua
1328 1413 1420 1479 Posi-

371 1525 465 1589 donio
488 1525 620 1606 debeat,
652 1526 901 1591 concludendum
924 1533 973 1590 est
996 1525 1182 1590 Strabonem
1206 1525 1302 1589 alium
1325 1543 1420 1605 quen·

372 1635 445 1698 darn
468 1635 662 1702 adhibuisse.
706 1637 773 1702 Iam
793 1635 1091 1719 circumspiciamus,
1115 1655 1190 1702 num
1213 1636 1289 1716 qnid
1311 1635 1420 1700 anxilii

371 1766 388 1811 e
420 1746 584 1813 Strabonis
614 1748 719 1813 verbis
751 1749 793 1813 ad
822 1747 904 1813 hanc
934 1749 1149 1829 quaestionem
1180 1747 1419 1829 disceptandam

371 1858 437 1940 peti
459 1859 569 1939 possit.
613 1859 717 1942 Atque
739 1861 770 1924 in
794 1859 844 1924 his
866 1859 1077 1942 paragraphis
1098 1859 1216 1941 passim
1240 1877 1343 1923 mores
1358 1858 1419 1924 Lu-

370 1969 543 2035 sicanorum
578 1970 782 2037 conferuntur
813 1990 884 2037 cum
908 1971 1117 2037 Graecorum:
1150 1971 1169 2053 S
1192 1970 1212 2034 6
1244 1990 1275 2052 p.
1293 1971 1355 2037 155
1378 1968 1419 2034 O:

370 2076 474 2157 ἐνίους
503 2080 539 2146 δὲ
568 2084 632 2146 τῶν
660 2078 924 2166 προσοικούντων
953 2081 1000 2168 τῷ
1022 2077 1152 2166 Λουρίῳ
1175 2081 1317 2167 ποταμῷ
1340 2085 1419 2146 Λα-

372 2196 517 2270 κωνικῶς
547 2189 668 2276 διάγειν
700 2190 816 2279 φασίν,
848 2195 907 2278 §7
940 2215 970 2276 p.
989 2194 1049 2259 155
1073 2193 1114 2259 O:
1137 2193 1270 2256 ποιοῦσι
1299 2189 1335 2256 δὲ
1364 2188 1421 2255 καὶ

372 2298 557 2387 ἑκατόμβας
594 2299 733 2370 ἑκάστου
768 2303 878 2390 γένους
908 2301 1119 2392 Ἑλληνικῶς.
1136 2331 1168 2369 ·..
1204 2301 1344 2388 γαμοῦσι
1382 2293 1416 2366 δ’

371 2410 484 2501 ὥσπερ
507 2412 538 2481 οἱ
561 2410 713 2502 Ἓλληνες.
756 2418 835 2482 Inde
862 2423 1008 2500 apertum
1034 2424 1087 2483 est
1110 2416 1297 2485 Strabonem
1321 2415 1419 2480 Grae·

370 2544 440 2590 oum
471 2528 630 2609 quendam
662 2529 760 2609 sequi.
811 2529 858 2594 Ac
880 2548 971 2594 mea
1001 2547 1074 2593 vero
1097 2528 1315 2606 aberrantem,
1348 2544 1418 2591 cum
1445 2563 1448 2567 -

371 2636 537 2720 Polybium
561 2644 721 2704 auctorem
745 2658 812 2705 esse
835 2640 1067 2722 existimarem,
1098 2640 1212 2705 iterum
1235 2639 1277 2703 ad
1300 2644 1418 2703 rectam

369 2747 453 2812 viam
477 2749 604 2814 reduxit
627 2749 756 2816 Curtius
776 2751 996 2830 Wachsmuth‚
1014 2751 1069 2835 qui
1091 2751 1150 2816 hoc
1172 2748 1239 2816 loco
1255 2749 1419 2832 aptissime

370 2860 410 2924 de
433 2861 621 2942 Asclepiade
644 2861 807 2942 Myrleann
837 2863 969 2944 cogitari
1002 2862 1079 2926 mihi
1111 2862 1281 2944 persuasit.
1327 2860 1418 2926 Com·

368 2971 508 3053 perimus
530 2972 610 3038 enim
635 2973 699 3039 iarn
720 2993 818 3055 supra
840 2993 911 3039 eum
934 2975 965 3039 in
988 2994 1101 3057 opere,
1133 2976 1217 3056 quod
1242 2974 1419 3054 composuit

370 3084 410 3147 de
432 3083 642 3160 Turdetania,
674 3085 771 3150 etiam
794 3085 927 3150 aliarum
954 3086 1128 3166 Hispaniae
1158 3086 1300 3168 gentium
1331 3105 1418 3150 men·

369 3193 485 3260 tionem
500 3195 654 3262 iniecisse.
699 3196 782 3262 Huic
799 3196 908 3278 igitur,
931 3215 1024 3279 quem
1042 3197 1157 3262 scimus
1173 3183 1305 3278 populos
1327 3217 1418 3279 prae-

368 3307 478 3370 sertim
488 3325 658 3388 eorumque
671 3326 773 3373 mores
783 3326 957 3386 enarrasse,
971 3308 1053 3373 hanc
1065 3309 1223 3389 copiosam
1233 3307 1417 3373 Lusitaniae
1493 3385 1497 3394 .

368 3418 611 3498 descriptionem
633 3419 818 3484 tribuamus.
863 3419 902 3502 §S
918 3421 938 3486 6
954 3420 1020 3484 et‘l
1044 3438 1073 3501 p.
1091 3418 1203 3485 1550.
1222 3424 1309 3484 tatae
1322 3421 1361 3484 ab
1380 3439 1416 3484 eo

368 3532 576 3611 depromptae
592 3537 675 3610 sunt,
698 3531 918 3612 paragraphus
941 3521 1047 3595 autem
1071 3532 1090 3596 8
1106 3550 1136 3611 p.
1155 3529 1417 3597 laborantium

368 3660 415 3721 ea,
438 3660 518 3723 quae
534 3643 597 3706 duo
618 3649 763 3707 auctores
786 3643 826 3708 dc
841 3643 959 3708 eisdem
976 3643 1071 3708 rebus
1093 3649 1312 3723 narraverunt,
1330 3644 1416 3723 quod

370 3754 473 3818 elucet
495 3772 533 3817 ex
556 3754 730 3818 sententias
752 3754 942 3818 adnectendi
964 3753 1102 3819 ratione:
1124 3745 1219 3840 ἧττον
1241 3750 1278 3818 δὲ
1300 3753 1353 3818 νῦν
1468 3813 1470 3820 .

369 3855 452 3926 ἀλλὰ
474 3866 528 3928 νῦν
545 3913 552 3928 .
569 3913 602 3929 ..
625 3859 833 3953 στρατεύουσι
857 3867 919 3928 νῦν.
964 3865 1144 3945 Antiquiori
1165 3865 1299 3944 auctori,
1322 3883 1415 3946 quem

368 3993 405 4037 ex
428 3975 476 4054 iis,
499 3995 581 4058 quae
603 3977 696 4041 modo
719 3977 859 4057 exposui,
882 3976 1101 4058 Asclepiadem
1124 3976 1323 4057 Myrleanum
1346 3996 1417 4043 esse

367 4094 511 4168 apparet,
533 4087 613 4153 haec
635 4086 805 4153 tribuenda
834 4095 928 4153 sunt:
958 4084 995 4152 τὸ
1026 4085 1062 4154 δὲ
1083 4082 1262 4176 δυσήμερον
1291 4089 1333 4154 ad
1356 4110 1416 4176 φι-
