3300 5018
681 443 873 510 ..9-

253 632 290 681 ac
312 614 415 698 prima
431 613 626 697 paragraphi
647 616 763 695 verba3
786 617 813 681 si
836 617 919 682 enim
935 616 1066 682 Artabri
1089 616 1206 683 circum
1230 633 1302 698 pro-

252 727 446 792 munturium
461 726 592 791 Nerium
615 728 705 792 sedas
728 726 862 808 habent,
885 727 996 793 Celtici
1027 747 1088 793 non
1111 728 1227 794 ibidem
1244 727 1303 792 ha·

254 837 358 904 bitara
388 841 530 920 possunt.
582 835 683 913 Quam
714 838 903 902 sententiam
936 857 972 904 eo
1003 837 1178 904 confirmari
1209 839 1303 905 intel·

252 948 332 1031 lego,
354 931 439 1032 quod
460 945 576 1014 flumen
591 948 723 1013 Limaea
745 949 935 1028 nominatur,
958 969 1029 1016 cum
1046 950 1110 1031 §4,
1132 949 1187 1014 ubi
1202 950 1303 1015 Lethe

253 1059 356 1125 forma
378 1059 561 1140 exhibetur,
593 1060 728 1125 alterum
761 1060 840 1125 illud
870 1080 981 1127 nomen
1012 1060 1142 1127 himaea
1173 1060 1235 1127 alio
1265 1080 1303 1125 ex

253 1169 341 1236 fonte
371 1173 533 1252 sumptum
566 1189 637 1238 esse
665 1173 736 1239 luce
766 1172 882 1238 clarius
912 1174 957 1237 sit
986 1172 1090 1238 verbis
1123 1171 1243 1236 additis
1267 1166 1303 1235 tv

254 1303 340 1358 τινες
380 1277 535 1365 Λιμαίαι
566 1282 623 1367 (sc.
653 1283 831 1368 καλοῦσιν).
895 1283 1064 1349 Praeterea
1095 1282 1209 1350 Strabo
1241 1281 1304 1365 §5

257 1413 328 1460 cum
344 1400 459 1478 pergat
475 1392 511 1458 ἐκ
527 1389 641 1460 τούτου
656 1392 835 1460 beautron
856 1391 1009 1480 ποταμὸν
1024 1389 1146 1483 Λήθης
1168 1385 1303 1480 ἀγορευ-

253 1506 364 1592 θῆιαι,
396 1506 595 1588 memoriam,
618 1525 713 1588 quam
736 1507 945 1590 antiquiorem
969 1525 1038 1572 esse
1061 1526 1078 1572 e
1099 1504 1303 1589 paragrapho

254 1619 461 1684 antecedente
483 1618 683 1700 perspicitur,
705 1618 841 1684 alienam
861 1637 928 1684 esse
950 1618 991 1684 ab
1015 1637 1061 1700 ea,
1084 1636 1166 1700 quae
1188 1617 1221 1682 in
1243 1616 1303 1683 hac

253 1729 448 1810 paragraphi
471 1730 601 1810 quintae
623 1734 716 1812 parta
738 1729 865 1812 legitur,
887 1730 1018 1796 indicat.
1062 1729 1182 1795 Facere
1204 1729 1305 1811 igitur

254 1859 315 1905 non
344 1860 473 1922 possum
505 1860 575 1907 cum
599 1841 767 1924 Haeblero,
798 1842 852 1925 qui
865 1843 895 1925 ¹)
927 1843 1041 1914 sumit,
1072 1859 1142 1905 cum
1173 1839 1305 1904 Artabri

257 1951 449 2018 Celticorum
471 1970 549 2033 gens
571 1952 645 2034 sint,
669 1952 856 2018 Strabonem
871 1971 929 2034 pro
953 1946 982 2017 οὶ
1006 1943 1037 2015 δ’
1061 1944 1158 2039 αὐτὴν
1181 1971 1304 2036 περιοι-

255 2065 384 2139 κοῦντες
407 2055 620 2149 (Ἀρταβροι)
650 2058 807 2127 Κελτικοὶ
828 2059 927 2143 εἰσιν,
960 2065 1120 2147 συγγενεῖς
1151 2061 1216 2127 τῶν
1246 2059 1306 2126 ἐπὶ

255 2168 403 2260 τοῖ”Αιᾳ
425 2175 628 2256 neglegenter
651 2173 816 2256 scripsisse
839 2177 1041 2256 περιοικοῦσι
1064 2166 1093 2238 ὁ)
1096 2166 1192 2261 αὐτὴν
1215 2171 1304 2238 Κελ-

255 2279 350 2349 ιικοί.
395 2283 485 2361 Quod
507 2303 547 2348 ne
569 2285 706 2363 credam,
729 2285 895 2367 impedior,
917 2286 1003 2368 quod
1019 2285 1134 2351 Strabo
1156 2283 1305 2350 hocloco

258 2400 324 2460 tam
354 2395 491 2476 simplici
526 2401 655 2477 tamque
684 2397 853 2477 perspicua
884 2397 1006 2462 ratione
1036 2397 1162 2464 dicendi
1192 2397 1305 2477 utitur,

256 2508 384 2590 utquid
407 2506 525 2577 sentiat
541 2507 741 2573 manifestum
765 2510 825 2589 sit;
848 2510 931 2591 quod
950 2509 1009 2575 hac
1032 2527 1095 2573 una
1117 2507 1306 2574 difficultate

254 2618 382 2685 sublata
404 2619 507 2686 altera
529 2626 680 2699 remanet,
704 2639 798 2703 qoam
823 2623 915 2686 modo
938 2620 1083 2701 exposui3
1107 2619 1190 2703 quod
1214 2616 1306 2683 intel-

254 2731 386 2796 leximus
413 2731 445 2796 in
469 2731 530 2797 hac
551 2733 622 2813 ipsa
644 2739 737 2813 parte
760 2732 1002 2815 descriptionem
1025 2731 1121 2798 rebus
1143 2731 1183 2797 ab
1206 2731 1306 2797 altero

254 2847 383 2909 auctore
416 2844 553 2925 sumptis
586 2841 813 2925 amplificatam
847 2862 925 2910 esse.
977 2842 1098 2920 Quibus
1131 2844 1172 2908 de
1203 2843 1307 2908 causis

255 2954 349 3020 reicio
371 2955 511 3021 Meinehi
541 2974 666 3038 quoque
694 2955 891 3022 coniecturas
921 2954 970 3021 vel
1001 2947 1101 3041 αὐτὴν
1128 2951 1200 3020 καὶ
1221 2952 1307 3018 Κελ-

256 3062 342 3132 τικοί
364 3067 413 3133 vel
437 3065 641 3149 περιοικοῦσι
663 3059 694 3131 rl'
713 3059 825 3144 αὐτοῖς
847 3062 1005 3133 Κελτικοί
1026 3067 1241 3150 proponentis.

340 3179 407 3242 lam
429 3198 559 3262 pergam
583 3179 772 3261 disceptare,
803 3180 879 3261 quid
903 3179 1020 3245 Strabo
1054 3171 1093 3244 ab
1117 3177 1306 3260 antiquiore,

257 3290 334 3370 quid
365 3290 405 3356 ab
436 3291 610 3356 recentiore
641 3295 771 3357 auctore
800 3290 960 3372 petiverit.
1012 3291 1101 3369 Quae
1131 3294 1307 3371 sequuntur

256 3402 330 3466 inde
352 3401 393 3466 ab
425 3395 534 3480 aboena
556 3399 593 3466 δὲ
616 3394 845 3487 οῖ”Αρταβροι
876 3402 918 3466 ad
948 3401 1013 3464 τῶν
1031 3393 1227 3486 Ἀρτοίβριοι
1248 3400 1305 3466 ad-

255 3514 411 3596 signanda
440 3517 518 3595 puto
539 3513 620 3601 fonti
653 3513 842 3594 antiquiori,
875 3532 945 3579 cum
974 3513 1058 3578 omni
1082 3519 1191 3579 careat
1212 3531 1306 3577 sensu

256 3629 383 3707 gentes,
406 3641 487 3705 quae
509 3625 592 3689 inter
615 3625 736 3706 Tagum
759 3631 794 3690 et
814 3624 970 3690 Artabros
992 3623 1156 3705 habitant,
1178 3643 1306 3691 enume-

255 3756 337 3817 rare,
359 3736 420 3802 nisi
435 3735 602 3802 Lusitania
624 3737 756 3801 etiama
779 3737 996 3819 septentrione
1015 3755 1132 3803 oceano
1154 3736 1306 3802 adluitur.

347 3988 378 4069 1)
401 3988 523 4060 Hiibler,
540 3977 613 4046 ‘Dia
628 3987 657 4046 N
659 3987 726 4046 ord·
744 3987 802 4045 und
815 3985 988 4050 Westkiiate
1003 3983 1194 4065 Hispaniens’
1207 4009 1306 4067 progr.

259 4094 358 4154 gymn.
380 4095 442 4149 rag.
465 4074 547 4152 Lipa.
574 4078 653 4132 1886
677 4093 706 4151 p.
723 4077 773 4136 21.
