3292 5006
791 376 1000 443 „52-

374 549 414 613 de
437 567 508 630 quo,
532 547 609 631 quid
633 550 784 614 statuerit
798 550 898 630 Vogel
922 549 994 630 (Ph.
1010 548 1097 630 415),
1120 568 1158 612 ea
1180 548 1251 630 ipsa
1273 549 1312 614 de
1327 567 1423 614 causa

373 667 465 725 extra
487 661 630 726 ordinem
653 661 716 725 Iam
739 679 821 726 nune
844 659 1016 742 explicabo.
1060 659 1180 724 Narrat
1202 660 1284 724 euim
1308 660 1423 726 Strabo

373 771 474 834 XVII.
496 771 535 852 3,
557 772 600 835 20
629 790 658 851 p.
682 772 744 837 836
767 771 799 837 0.
832 772 1008 836 Taenarum
1042 790 1061 835 a
1091 770 1255 854 Phycunte
1286 771 1423 854 Cyrenes

374 882 459 947 2800
480 888 519 948 st.
542 881 668 964 abesse,
699 901 771 948 eum
804 883 891 948 VIII.
914 884 950 962 5,
975 887 991 949 1
1015 902 1045 964 p.
1061 883 1125 949 363
1148 882 1181 948 0.
1210 883 1293 947 idem
1326 883 1423 947 iuter-

373 994 492 1070 vallnm
515 994 601 1062 3000
623 1000 661 1058 st.
685 1001 795 1074 patere
827 994 921 1060 dicat.
965 995 1108 1059 Eundem
1140 1011 1302 1058 numerum
1334 1012 1423 1075 repe-

343 1141 345 1146 *
375 1104 474 1170 rimus
496 1107 582 1186 apud
604 1106 852 1188 Agathemerum
876 1107 960 1187 824,
982 1124 1074 1186 quem
1099 1105 1157 1170 hoe.
1180 1103 1247 1171 loeo
1269 1124 1307 1170 ex
1328 1107 1423 1171 Arte·

374 1217 496 1281 midoro
518 1216 662 1281 hausisse
676 1216 937 1282 verisimillimum
961 1222 1019 1282 est.
1064 1217 1154 1296 Quod
1171 1217 1253 1282 alter
1275 1236 1424 1282 numerus

375 1327 461 1393 2800
483 1334 521 1392 st.
546 1329 633 1410 apud
656 1328 791 1393 Plinium
815 1329 852 1394 V.
876 1329 916 1395 31
950 1334 1054 1406 extat,
1085 1347 1134 1392 me
1163 1328 1291 1408 quidem
1320 1321 1424 1393 iudice

376 1439 418 1504 nil
450 1439 535 1505 valet
565 1440 605 1505 ad
629 1440 831 1504 muniendum
864 1438 1122 1518 Strabonianum;
1154 1458 1243 1518 nam,
1276 1446 1311 1503 ut
1341 1439 1425 1504 infra

378 1550 422 1632 (p.
440 1550 495 1633 78)
518 1569 602 1616 ame
623 1551 779 1631 copiosius
802 1557 987 1633 exponetur,
1008 1551 1128 1616 Plinius
1151 1551 1170 1615 I.
1187 1551 1207 1617 1.
1222 1552 1424 1616 Artemidoro

376 1681 448 1727 eum
471 1680 530 1727 non
555 1662 659 1728 debet.
704 1665 854 1727 Attamen
888 1663 974 1729 2800
996 1664 1027 1726 in
1050 1661 1136 1728 3000
1165 1668 1290 1728 mutare
1320 1663 1425 1743 nolim,

376 1792 446 1839 eum
463 1775 541 1840 haee
557 1774 771 1854 discrepantia
794 1774 856 1838 alio
871 1774 963 1838 modo
983 1774 1134 1854 explicari
1150 1774 1259 1855 possit.
1296 1774 1425 1855 Optime

377 1885 459 1949 enim
484 1885 582 1967 Vogel
606 1884 625 1948 l.
642 1885 661 1950 I.
685 1885 833 1950 admonet
856 1890 888 1949 et
910 1885 995 1965 apud
1021 1883 1207 1950 Strabonem
1221 1885 1320 1949 XVII.
1337 1886 1367 1966 3,
1384 1885 1425 1948 20

376 2016 407 2078 p.
424 1997 486 2062 836
510 1996 543 2062 C.
567 2002 601 2061 et
632 1997 717 2077 apud
742 1996 857 2076 Agath.
880 1996 923 2060 24
944 1997 1122 2076 memorari,
1152 2002 1305 2077 qnantum
1329 1997 1426 2061 distet

377 2107 503 2190 Phycus
525 2127 544 2172 a
567 2107 726 2188 Taenaro,
749 2125 820 2173 eum
844 2106 959 2172 Strabo
981 2106 1068 2172 VIII.
1092 2108 1122 2187 5,
1147 2109 1162 2171 1
1187 2126 1217 2187 p.
1234 2108 1297 2173 363
1320 2107 1353 2173 0.
1377 2107 1425 2172 di-

377 2225 444 2298 eat,
476 2226 629 2300 quantum
660 2218 745 2283 absit
776 2219 952 2298 Taenarum
984 2219 1196 2302 aPhyeunte.
1241 2219 1321 2284 Inde
1351 2218 1425 2285 lieet

379 2329 523 2412 colligere
540 2330 777 2394 Artemidorum
794 2330 826 2394 in
842 2331 1049 2397 describenda
1065 2330 1199 2396 Graecia
1216 2349 1275 2394 non
1292 2331 1425 2396 eundem

326 2491 329 2497 .
380 2440 497 2506 fontem
530 2440 730 2522 adhibuisse,
761 2459 855 2522 quern
883 2442 915 2506 in
948 2443 1124 2506 enarrando
1157 2443 1293 2525 Cyrenes
1324 2443 1428 2508 litore.

381 2552 486 2634 Atque
515 2551 588 2617 inde
619 2558 726 2617 nostro
749 2571 873 2634 quoque
902 2551 970 2618 loeo
992 2553 1186 2633 praesidium
1217 2556 1283 2635 peti
1306 2559 1427 2635 potest;

380 2663 463 2728 alter
484 2663 571 2729 loeus
594 2661 728 2727 alterum
753 2651 876 2729 tuetur.
915 2664 1038 2746 Itaque,
1060 2670 1097 2728 ut
1119 2664 1207 2730 brevi
1223 2665 1428 2747 eomprehen-

382 2775 465 2855 dam,
488 2793 548 2856 quo
571 2794 641 2840 mea
664 2775 790 2840 inclinet
820 2776 994 2856 sententia,
1026 2781 1137 2841 neutro
1159 2777 1237 2856 loeo,
1267 2795 1323 2842 nee
1345 2777 1429 2842 XIV.

382 2885 454 2967 5,3
484 2907 515 2968 p.
532 2885 595 2950 670
618 2885 650 2952 0.
684 2904 739 2950 nee
768 2886 852 2952 XVI.
876 2887 913 2966 2,
944 2886 985 2952 33
1013 2906 1044 2968 p.
1061 2886 1123 2952 760
1146 2887 1189 2970 (I,
1220 2887 1340 2952 numeri
1372 2889 1429 2952 im·

382 2998 526 3062 mutandi
549 3004 631 3063 sunt.
939 2987 941 2992 ’

468 3111 538 3188 Qua
568 3127 602 3172 re
639 3107 779 3190 perfecta
816 3128 986 3191 pergamus
1016 3111 1210 3176 Artemidori
1242 3111 1430 3193 fragmenta,

382 3240 463 3302 quae
494 3219 621 3302 quidem
652 3219 774 3286 lateant
807 3219 838 3286 in
870 3221 965 3288 libro·
981 3223 1102 3287 decimo
1132 3229 1237 3302 sexto,
1267 3223 1430 3305 indagare.

384 3333 488 3412 Atque
517 3330 676 3413 incapite
706 3334 819 3412 terti0‚
849 3335 880 3399 in
911 3351 972 3416 quo
1002 3334 1109 3416 agitur
1132 3334 1171 3396 de
1201 3333 1270 3398 sinu
1294 3334 1430 3416 Persico,

383 3462 452 3510 eun]
483 3443 562 3508 nihil
591 3443 786 3510 Artemidori
818 3443 979 3524 proprium
1010 3443 1137 3510 obvium
1169 3444 1226 3524 sit,
1257 3445 1296 3508 de
1325 3445 1431 3524 eapite
1485 3447 1488 3453 '

383 3559 498 3634 quarto
527 3554 637 3619 statim
669 3554 798 3634 loquar,
827 3554 882 3618 ubi
905 3553 1020 3620 Strabo
1052 3558 1120 3637 ipse
1149 3556 1238 3620 illum
1269 3563 1430 3622 auctorem

384 3681 475 3728 suum
488 3681 556 3728 esse
568 3665 726 3744 expressis
742 3663 846 3730 verbis
862 3667 1057 3747 pronuntIat,
1070 3667 1121 3748 §4
1137 3671 1215 3732 extr.
1232 3687 1262 3748 p.
1281 3667 1342 3732 760
1355 3667 1387 3733 0.
1399 3675 1432 3732 et

385 3775 403 3856 ξ
425 3775 445 3840 b
468 3775 499 3838 in
522 3794 553 3856 p.
570 3775 631 3839 763
654 3773 694 3839 O:
724 3773 765 3838 od
787 3773 846 3858 μὲν
868 3773 908 3864 δὴ
929 3778 986 3841 τοῦ
1004 3769 1254 3863 Ἐρατοσθένους
1276 3775 1354 3865 περὶ
1376 3781 1432 3864 τῆς

382 3876 541 3968 Ἀραβίας
556 3888 707 3949 τοιαῦτα·
733 3884 937 3971 προσθετέον
953 3886 989 3952 δὲ
1004 3887 1114 3954 καὶτὰ
1130 3887 1222 3976 παρὰ
1236 3891 1301 3954 τῶν
1314 3885 1432 3956 ἄλλων.

385 3994 443 4088 (5).
471 3994 557 4088 Φησὶ
579 3989 612 4060 d'
632 3989 884 4085 Ἀρτεμίδωρος.
918 4000 1040 4077 Quibus
1053 4001 1157 4068 verbis
1173 4002 1285 4084 incipit
1306 4002 1432 4084 copiosa
