3292 5006
638 372 850 440 ..35-

223 555 292 607 cum
315 541 462 626 Vogelio‚
492 543 545 626 qui
567 545 686 620 omnia,
709 564 790 626 quae
812 547 852 612 de
874 547 1125 613 Ptolemaeorum
1149 548 1270 615 itineri-

222 653 279 719 bus
301 662 481 736 narrantur‚
504 675 542 719 ex
565 656 766 721 Artemidoro
788 656 918 722 fluxisse
940 664 1057 724 censet.

303 766 372 829 Iam
396 785 486 846 nunc,
509 785 579 831 cum
602 767 673 850 §Sl
697 787 727 849 p.
744 768 806 834 793
822 767 857 834 (l.
880 805 922 815 —
946 770 985 833 17
1008 788 1038 850 p.
1054 770 1116 836 801
1141 771 1174 836 (l.
1191 771 1269 837 nihil
1390 763 1393 768 ’

220 877 270 956 sit,
293 878 378 942 unde
400 881 613 944 coniecturam
636 877 739 944 lacere
761 880 918 962 possimus
933 881 1120 946 Strabonem
1143 882 1271 948 aliunde

220 987 341 1070 aliquid
353 989 385 1054 in
401 989 645 1070 descriptionem
662 990 826 1073 recepisse,
838 991 949 1056 statim
964 1011 1056 1073 agam
1068 994 1108 1058 de
1121 995 1159 1075 §S
1178 995 1218 1059 18
1235 993 1269 1060 0.

219 1101 280 1166 801
306 1136 346 1144 -
369 1100 411 1164 24
433 1100 466 1166 C.
488 1100 569 1180 804,
598 1101 653 1167 ubi
676 1102 861 1167 Strabonem
895 1103 1045 1168 nonnulla
1067 1105 1270 1170 Artemidoro

220 1211 336 1277 debere
368 1211 468 1294 Vogel
498 1219 622 1293 censet,
660 1231 852 1296 quamquam
882 1214 1069 1296 plemmque
1101 1235 1159 1281 non
1191 1218 1271 1284 satis

218 1322 340 1388 idoneis
377 1324 574 1404 argumentis
611 1323 721 1390 utitur.
783 1325 845 1391 Sed
884 1326 1098 1392 examinemus
1134 1329 1269 1410 singula.

140 1519 142 1524 Ι
218 1434 358 1500 Primum
382 1437 449 1501 sine
480 1435 543 1500 ullo
566 1435 664 1501 dubio
686 1436 775 1503 initio
805 1437 823 1519 ξ
851 1439 889 1504 18
912 1457 942 1519 p.
963 1438 1024 1503 801
1050 1437 1082 1503 0.
1105 1439 1202 1505 verba
1229 1437 1271 1503 τὰ

219 1537 252 1609 δ’
276 1543 311 1610 ἐν
334 1545 427 1634 δεξιᾷ
447 1549 503 1634 τῆς
526 1550 720 1634 Κανωβικῆς
749 1544 906 1635 διώρυγος
937 1549 978 1614 ad
1012 1539 1059 1612 ὧν
1079 1546 1135 1614 καὶ
1154 1541 1270 1637 'Apte-

218 1653 362 1745 μίδωρος
390 1659 472 1724 inter
493 1658 582 1724 illius
605 1659 784 1740 fragmenta
807 1660 1002 1725 numeranda
1032 1667 1116 1726 sunt.
1160 1660 1271 1743 Neque

219 1768 284 1832 ulla
306 1769 465 1836 dubitatio
495 1776 544 1836 est
567 1771 607 1836 de
629 1772 749 1836 maiore
778 1773 797 1854 ξ
820 1754 996 1853 2411804
1020 1773 1053 1838 0.
1076 1765 1187 1854 parte,
1209 1757 1271 1839 ¹ubi

218 1880 413 1947 Artemidori
435 1900 546 1947 nomen
578 1882 735 1962 expressis
766 1883 872 1947 verbis
894 1888 1104 1962 memoratur;
1135 1888 1209 1947 suot
1232 1904 1270 1949 ex

217 1992 271 2056 illo
294 1994 482 2075 deprompta
513 1990 593 2078 φησὶ
616 1985 649 2057 d'
674 1985 955 2078 ὁἈριεμίδωρος
985 1994 1027 2058 ad
1059 1990 1116 2080 τὴν
1139 1997 1270 2073 σχοῖνον

218 2111 251 2167 et
273 2104 369 2184 paulo
391 2112 465 2186 post
485 2102 541 2169 καὶ
565 2100 650 2169 διότι
672 2101 764 2190 παρὰ
785 2106 857 2179 τοῖς
878 2100 1076 2186 Αἰγυπτίοις
1098 2107 1141 2171 ad
1163 2104 1266 2172 finem.

193 2284 196 2292 ,
301 2215 473 2281 Praeterea
502 2222 609 2283 autem
633 2216 751 2298 Vogel,
783 2234 864 2298 quae
894 2217 912 2298 S
937 2215 976 2280 18
998 2235 1028 2297 p.
1046 2216 1107 2281 801
1132 2225 1210 2282 extr.
1234 2218 1268 2284 0.

219 2328 259 2392 de
281 2346 372 2391 muro
395 2327 589 2394 Milesiorum
619 2334 806 2408 narrantur,
838 2327 980 2393 eiusdem
1012 2327 1176 2409 scriptoris
1198 2347 1268 2394 esse

217 2436 364 2503 affirmat.
409 2441 478 2518 Quo
500 2439 628 2504 tandem
651 2439 720 2504 iure
742 2438 801 2504 hoc
824 2438 940 2519 faciat,
972 2457 1032 2504 non
1057 2440 1164 2519 video,
1197 2458 1267 2504 cum
1305 2425 1306 2428 ¹

217 2569 255 2615 ne
278 2550 442 2615 minimum
459 2551 585 2632 quidem
608 2549 759 2614 indicium
781 2556 878 2615 extet.
923 2549 975 2613 Ad
992 2551 1127 2615 eundem
1150 2549 1268 2617 fontem

217 2661 322 2727 redire
344 2668 453 2727 censet
481 2662 520 2744 §S
542 2663 593 2740 20,
616 2664 656 2726 21
680 2680 709 2742 p.
728 2661 801 2740 802,
823 2661 887 2727 803
910 2661 961 2739 0.,
992 2660 1024 2725 in
1046 2662 1162 2744 quibus
1184 2664 1269 2728 nomi

217 2779 450 2838 enumerantur.
513 2775 615 2852 Quam
648 2774 689 2838 ad
722 2773 914 2838 sententiam
947 2773 1107 2838 adductus
1138 2780 1188 2838 est
1222 2793 1268 2856 eo,

217 2886 299 2965 quod
317 2884 432 2950 Strabo
456 2883 593 2950 nonfuit
615 2885 647 2948 in
670 2884 730 2950 hac
745 2883 859 2950 Deltae
877 2889 979 2965 parte,
1003 2903 1084 2967 quae
1100 2885 1142 2949 ad
1164 2885 1268 2951 orien-

217 3001 280 3060 tem
303 3002 438 3077 spectat.
483 2996 574 3073 Quod
606 2996 685 3061 mihi
715 3015 775 3060 non
806 2993 975 3061 satisfacit.
1019 2995 1155 3061 Nomina
1184 2998 1267 3062 enim

216 3126 379 3173 nomorum
411 3113 444 3172 et
474 3108 599 3173 urbium
627 3108 722 3173 huius
752 3109 854 3189 partis
886 3115 972 3173 certo
995 3109 1165 3188 comperit,
1196 3129 1267 3175 cum

216 3219 388 3286 secundum
411 3219 518 3284 Nilum
535 3220 727 3284 Alexandria
749 3238 806 3300 per
829 3217 982 3300 reliquam
1007 3218 1119 3284 Deltae
1143 3224 1268 3301 partem

215 3329 477 3414 proficisceretur.
522 3332 639 3397 Tamen
667 3313 734 3396 non
765 3330 859 3413 plane
890 3349 1001 3412 negem
1030 3330 1109 3396 haec
1142 3332 1268 3397 nomina

217 3444 278 3508 alio
311 3463 349 3508 ex
377 3443 463 3509 fonte
492 3442 627 3509 fluxisse.
671 3442 734 3508 Sed
765 3443 826 3507 nisi
855 3442 1043 3508 certissimis
1071 3442 1268 3523 argumentis

216 3556 389 3634 evincitur,
421 3556 503 3621 hanc
524 3555 714 3621 sententiam
735 3572 843 3621 veram
867 3571 936 3620 esse
958 3572 1019 3618 non
1043 3553 1119 3620 licet
1139 3560 1268 3619 conten-

217 3669 300 3733 dere.
357 3667 470 3732 Adhuc
503 3685 541 3731 ex
564 3666 757 3731 Artemidori
781 3665 993 3746 descriptione
1015 3665 1109 3730 huius
1132 3665 1267 3746 regionis

216 3781 296 3846 haec
330 3784 456 3844 tantum
489 3779 607 3845 scimus
646 3797 717 3843 eum
758 3779 789 3841 in
826 3777 1007 3842 universum
1041 3778 1080 3841 de
1114 3776 1268 3841 divisione

217 3891 330 3957 Deltae
353 3891 456 3971 egisse
480 3896 512 3955 et
535 3889 698 3955 nonnullos
720 3907 828 3954 nomos
850 3906 1052 3969 memorasse,
1084 3887 1122 3953 fr.
1142 3887 1194 3967 83,
1216 3888 1267 3969 85,
1292 3903 1295 3908 ’

218 4005 268 4088 87,
291 4004 342 4069 88.
387 4002 522 4089 Reliqua
544 4010 650 4068 autem
674 4002 794 4082 omnia,
817 4019 897 4086 quae
920 4001 1070 4088 leguntur
1091 4001 1129 4084 §S
1152 3999 1203 4081 20,
1225 4001 1265 4068 21
