3292 5006
475 401 796 511 '-·75-

167 622 258 700 parte
280 616 517 684 Eratosthenioi
540 615 644 700 operis
666 617 858 699 deprompta
885 632 954 681 esse
976 614 1138 700 Berger1)
1160 611 1215 678 de·

166 734 331 794 monstrat.
377 728 410 794 si
440 733 549 794 antem
581 727 723 809 singula,
754 745 836 810 quae
867 733 900 791 et
921 726 1152 794 Eratosthenes
1182 732 1215 792 et

164 840 387 906 Artemidorus
417 840 457 904 de
488 838 686 923 longitudine
706 838 772 904 Nili
802 837 942 903 fluminis
971 837 1133 919 exhibent,
1164 836 1217 904 hio

164 952 194 1017 in
217 951 256 1017 fr.
279 952 339 1034 90,
371 949 424 1015 ille
454 952 540 1033 apud
563 948 668 1018 Strab.
690 950 793 1016 XVII.
818 952 846 1031 1,
869 951 890 1016 2
922 969 953 1030 p.
970 949 1031 1015 786
1054 949 1098 1031 0.,
1130 967 1215 1014 oom-

164 1063 391 1145 paraverimus,
424 1081 461 1128 ea
494 1061 614 1141 optime
647 1062 731 1127 iuter
763 1079 797 1127 se
831 1061 998 1128 convenire
1026 1061 1213 1127 videbimus.

164 1175 277 1254 Itaque
311 1191 370 1256 pro
407 1177 493 1248 certo
526 1172 627 1238 habeo
659 1173 896 1239 Artemidorum
929 1190 1054 1254 quoque
1084 1189 1143 1238 sua
1174 1172 1214 1236 ab

164 1283 377 1350 Eratosthene
400 1289 592 1364 mutuatum,
615 1284 702 1350 illam
725 1302 800 1350 orae
821 1290 956 1367 partem,
979 1301 1060 1365 qnae
1082 1284 1145 1349 sita
1167 1288 1216 1348 est

163 1397 246 1462 inter
275 1397 338 1461 duo
369 1395 573 1462 celeberrima
595 1395 660 1461 Nili
691 1396 791 1478 ostia,
813 1414 884 1462 cum
908 1396 992 1463 1300
1014 1401 1055 1461 st.
1088 1395 1214 1476 longam

163 1507 224 1574 sibi
244 1507 406 1590 finxisset,
438 1508 570 1574 eandem
594 1525 773 1573 mensurum
796 1507 991 1591 praebuisse,
1013 1523 1109 1588 quarn
1131 1523 1213 1571 nuno

164 1619 281 1686 Strabo
303 1638 329 1685 c.
354 1621 382 1702 1,
405 1618 426 1684 6
448 1619 525 1686 edit.

248 1731 330 1796 Tum
353 1731 371 1814 ξ
395 1732 437 1796 14
458 1751 489 1813 p.
507 1731 568 1798 799
591 1730 624 1797 0.
648 1730 759 1796 statim
785 1730 922 1797 circuitu
943 1737 1075 1814 peracto
1099 1747 1216 1796 memo-

162 1850 255 1908 ratur
284 1843 388 1910 laeum
412 1841 564 1908 ldareiam
595 1842 668 1925 plus
691 1842 754 1910 150
776 1848 815 1907 st.
845 1841 947 1908 latum
978 1859 1056 1922 esse,
1085 1840 1215 1922 longum

163 1961 268 2020 autem
300 1955 405 2020 minus
433 1955 498 2021 300
525 1961 582 2034 st,
610 1971 679 2020 esse
708 1955 740 2018 in
770 1971 807 2019 eo
839 1959 911 2020 octo
940 1953 1069 2020 insulas.
1130 1952 1214 2029 Quo-

163 2083 231 2131 cum
256 2066 502 2147 eomparandum
525 2071 574 2132 est
596 2064 633 2130 ir.
649 2065 700 2132 90.
723 2065 936 2148 Artemidori,
965 2064 1020 2130 nbi
1049 2067 1090 2132 de
1112 2064 1214 2146 longi·

162 2177 274 2244 tudine
302 2177 391 2243 lacus
420 2178 523 2260 deque
553 2196 683 2243 nurnero
713 2177 889 2244 insularum
919 2177 1004 2244 idem
1036 2174 1215 2255 exhibetur,

163 2309 234 2354 nam
266 2308 327 2372 pro
356 2290 420 2355 270
441 2297 481 2355 st.
511 2288 662 2356 facillime
692 2290 755 2357 diei
783 2295 890 2371 potest
913 2289 1036 2370 „minus
1068 2287 1133 2355 300
1154 2289 1214 2352 st.“

162 2399 249 2465 Nihil
283 2397 397 2483 refert,
428 2403 512 2484 qnod
536 2401 650 2468 Strabo
681 2401 786 2468 lacum
809 2401 962 2467 Mareiam
984 2401 1120 2483 vocitat,
1143 2418 1213 2465 cum

162 2511 385 2578 Artemidorus
414 2549 456 2560 —
486 2515 657 2580 seeundum
687 2515 899 2580 coniecturam
930 2513 1142 2580 certissimam
1170 2547 1213 2556 -—

162 2641 272 2688 nomen
290 2623 456 2690 Mareotim
472 2624 664 2690 adhibuerit.
709 2623 881 2691 Profitetur
902 2625 987 2692 enim
1008 2623 1123 2690 Strabo
1145 2623 1214 2704 ipse
1320 2610 1323 2616 ’

163 2734 245 2800 inter
267 2735 348 2802 haec
371 2736 433 2802 dno
448 2737 576 2802 nomina
598 2737 676 2801 nibil
700 2736 891 2802 discriminis
913 2754 993 2818 esse,
1015 2735 1116 2802 XVII.
1142 2737 1170 2812 1,
1193 2733 1211 2798 l
1311 2753 1314 2758 ·

162 2837 1211 2936 019310.οιτῆς11μνηςτῆςο1ορείας,ἢκαὶΜαρεῶτιςλέγεται.

161 2958 250 3023 1000
273 2965 400 3025 tantum
422 2960 554 3026 haerere
570 2977 748 3043 possumus,
771 2961 856 3043 quod
880 2961 1065 3027 discordant
1081 2960 1163 3023 inter
1178 2974 1212 3020 se

161 3072 308 3152 paulum,
331 3088 411 3151 qnae
433 3077 567 3153 uterque
590 3072 630 3138 de
652 3071 823 3138 latitudine
845 3071 964 3152 tradit,
993 3090 1063 3138 curn
1087 3069 1211 3146 Strabo,

163 3183 215 3262 qui
236 3180 442 3248 Artemidoro
464 3166 540 3250 usus
562 3189 628 3260 est,
649 3182 753 3249 laeum
776 3182 848 3263 plus
873 3181 935 3251 150
956 3190 1006 3265 st,
1027 3181 1082 3248 ille
1104 3185 1211 3246 antem

100 3385 103 3390 Ι
162 3293 223 3361 11.
247 3293 373 3361 10001.
403 3294 504 3359 latum
534 3312 603 3360 esse
625 3295 720 3360 dicat.
765 3294 854 3371 Quae
883 3313 954 3361 cunr
985 3295 1053 3361 sola
1083 3291 1213 3358 offensio

163 3405 219 3485 sit,
241 3423 338 3487 quam
360 3412 468 3472 noster
490 3405 578 3472 locus
601 3406 745 3482 exhibet,
778 3425 848 3471 eam
872 3424 985 3473 censeo
1006 3405 1125 3472 nnllam
1148 3404 1211 3469 vim

163 3515 278 3584 habere
300 3517 343 3583 ad
365 3516 620 3583 labefactandam
643 3517 731 3583 illam
753 3519 953 3598 sententiam,
984 3536 1080 3601 quam
1102 3529 1211 3583 tenere

163 3630 334 3695 studemus
395 3628 489 3695 Gerto
526 3629 727 3712 neglegentia
755 3631 894 3712 quadam
923 3629 1002 3696 haec
1032 3627 1213 3695 differentia

163 3748 269 3808 exorta
307 3746 372 3823 est,
412 3741 516 3807 utrius
551 3748 659 3808 autom
695 3741 791 3823 vitio,
827 3747 935 3806 utrum
967 3741 1134 3808 Strabonis
1171 3758 1211 3806 un

165 3897 365 3907 -——---—-

250 3997 278 4070 1)
300 3993 413 4066 Berger
441 3993 508 4081 ‘Dio
538 3994 796 4075 geographisehen
819 3995 1000 4072 Fragmenta
1031 3995 1082 4055 des
1104 3997 1211 4056 Erato-

165 4073 290 4138 sthenea’
313 4098 341 4157 p.
357 4083 408 4140 49.
