3300 5018
748 419 939 484 -8-

320 589 437 670 potest,
453 589 527 668 quia
542 588 621 655 haec
636 588 739 654 insula
754 589 785 654 in
801 589 856 654 illo
873 610 933 656 non
950 573 1220 655 commemoratur.
1265 588 1370 673 Atque

319 718 357 764 ea
386 700 458 782 ipsa
479 701 526 764 de·
541 719 637 767 causa
660 701 728 766 sine
758 701 823 766 ulla
853 701 1091 784 probabilitatis
1113 701 1217 784 specie
1239 702 1370 784 ponitur

320 809 545 894 Apollodorum
577 809 653 898 περὶ
675 812 754 876 νεῶν
786 813 975 879 scribentem
1006 814 1047 878 de
1078 812 1139 878 hac
1168 812 1270 878 insula
1302 819 1369 876 tam

321 924 445 1005 copiose
483 923 669 989 disseruisse
702 942 796 1005 quam
829 926 915 1007 apud
948 923 1134 991 Strabonem
1169 923 1288 991 factum
1322 925 1369 989 vi-

321 1035 442 1099 demus.

405 1144 496 1212 Nunc
525 1145 636 1212 statim
668 1149 811 1213 revertar
845 1148 887 1211 ad
919 1147 1093 1230 Hispaniae
1124 1147 1369 1230 descriptionem

321 1256 557 1323 accuratissime
587 1258 838 1324 examinandam.
882 1259 928 1324 Αο
960 1259 1098 1340 primum
1130 1258 1259 1340 quidem
1288 1258 1371 1324 anti-

322 1367 432 1448 quiora
462 1387 482 1433 a
513 1369 741 1448 recentioribus
772 1370 938 1453 seiungere
967 1389 1099 1452 pergam
1132 1370 1222 1435 initio
1255 1371 1371 1435 iterum

322 1476 407 1544 facto
439 1480 479 1545 ab
510 1479 570 1545 III.
603 1483 631 1557 3,
660 1482 680 1546 3
709 1501 740 1564 p.
766 1482 842 1562 152,
876 1483 937 1550 153
961 1481 1004 1562 0.,
1039 1481 1092 1546 ubi
1123 1482 1221 1548 verba
1254 1474 1370 1568 ὅμοροι

322 1582 350 1653 d'
360 1585 444 1655 εἰσὶν
466 1588 502 1656 ἐκ
523 1594 580 1656 τοῦ
601 1589 686 1680 πρὸς
709 1588 752 1656 ἕω
773 1589 891 1679 μέρους
913 1594 955 1658 ad
971 1588 1171 1680 Κελτίβηροι
1187 1593 1371 1660 recentioris

323 1701 452 1783 originis
474 1721 544 1769 esse
565 1704 656 1784 duco,
679 1723 749 1771 cum
772 1703 946 1786 respiciant
967 1707 1136 1786 adgentes
1159 1704 1253 1786 pauio
1275 1723 1373 1786 supra

323 1814 494 1879 secuudum
518 1816 723 1881 recentiorem
747 1817 935 1899 scriptorem
952 1821 1169 1896 enumeratam
1193 1822 1268 1882 sunt
1289 1816 1372 1883 enim

324 1919 355 1989 oi
378 1917 409 1988 δ’
431 1918 525 1992 ἄλλοι
540 1927 721 2010 Carpetani,
745 1928 908 2010 Vettones,
931 1928 1076 1994 Vaccaei.
1119 1929 1231 1995 Eidem
1248 1928 1373 2008 addico,

325 2055 406 2119 quae
429 2046 599 2106 narrantur
620 2041 661 2106 de
682 2047 798 2106 natura
820 2040 1005 2106 Lusitaniae
1027 2040 1101 2105 inde
1123 2040 1163 2105 ab
1192 2033 1321 2125 ὑψηλὸν
1342 2031 1372 2103 d'

326 2144 397 2214 ἐστὶ
418 2146 457 2213 τὸ
479 2143 619 2217 ἑωθινὸν
633 2154 675 2218 ad
691 2144 727 2218 οὗ
741 2146 898 2237 μεγάλων.
942 2151 1082 2218 Possunt
1105 2151 1187 2217 euim
1209 2151 1289 2216 haec
1312 2169 1372 2215 uon

326 2260 390 2326 dici
411 2262 472 2327 nisi
494 2264 535 2327 de
556 2264 722 2329 Lusitania
743 2263 926 2331 recentioris
948 2263 1065 2330 aetatis
1087 2264 1128 2328 ad
1144 2262 1278 2327 Durium
1302 2252 1375 2343 por·

326 2378 423 2452 recta,
446 2391 517 2438 cum
533 2374 699 2441 Lusitania
720 2395 740 2440 a
762 2376 976 2458 septentrione
999 2393 1114 2441 oceano
1131 2375 1234 2441 cincta
1249 2374 1375 2439 omnino

327 2490 464 2563 nequeat
486 2480 605 2562 πεδιάς
635 2487 790 2570 appellari
813 2487 1029 2554 Callaecorum
1060 2486 1189 2568 regione
1213 2485 1374 2551 montibus

327 2603 491 2678 occupata,
513 2596 568 2663 cfr.
590 2597 648 2664 III.
671 2600 701 2678 3,
723 2600 744 2663 2
764 2619 795 2680 p.
813 2599 876 2665 152
897 2597 937 2664 G:
959 2593 1144 2662 Καλλαϊκοὶ
1166 2589 1201 2660 d'
1229 2590 1372 2678 ὕστατοι,

327 2708 383 2792 τῆς
406 2698 529 2796 ὀρεινῆς
545 2705 717 2790 ἐπέχοντες
738 2704 872 2798 πολλήν.
915 2709 1007 2776 Unde
1022 2709 1104 2775 hanc
1126 2708 1373 2791 descriptionem

328 2819 499 2900 sumpserit
523 2820 655 2903 Strabo,
685 2822 744 2889 hoc
766 2821 857 2888 nihili
884 2822 926 2887 ad
948 2825 1090 2886 nostram
1112 2839 1195 2900 rem3
1226 2821 1260 2886 id
1290 2826 1375 2887 certo

327 2926 401 2994 inde
433 2932 633 3014 cognoscitur
664 2933 853 3000 Callaeciam
887 2937 1085 2997 montuosam
1121 2931 1227 2997 fuisse.
1287 2933 1376 3011 Quae

327 3059 398 3106 cnm
428 3042 475 3108 ita
496 3044 577 3125 sint,
607 3044 733 3110 minime
755 3044 865 3110 dubito
899 3044 996 3110 etiam
1019 3061 1200 3119 mensuras,
1232 3061 1313 3124 qnae
1336 3044 1376 3108 de

328 3151 495 3219 Lusitania
509 3155 722 3238 proferuntur,
744 3156 839 3223 alteri
861 3154 984 3222 auctori
1006 3155 1184 3238 adsignare,
1209 3173 1277 3220 cum
1300 3174 1376 3237 par-

328 3262 414 3330 tibus
436 3265 476 3330 ab
499 3286 536 3333 eo
558 3268 669 3350 petitis
691 3267 989 3335 circumcludantur.

415 3376 463 3442 Ab
487 3380 664 3463 antiquiore
687 3386 794 3446 autem
825 3379 978 3462 originem
1000 3378 1093 3444 duxit
1123 3377 1189 3445 fere
1213 3382 1282 3443 tota
1304 3380 1323 3461 ξ
1345 3379 1375 3460 4,

329 3506 399 3552 cum
423 3488 518 3556 etiam
549 3510 587 3557 ea
617 3492 763 3573 flumina,
793 3511 873 3575 quae
903 3492 987 3556 iuter
1008 3491 1144 3556 Durium
1174 3494 1208 3555 et
1229 3508 1377 3572 promun-

329 3601 447 3667 turium
470 3603 643 3669 Artabrum
665 3603 697 3668 in
720 3623 871 3670 oceanum
894 3608 1068 3686 permeant,
1098 3622 1155 3685 per
1177 3602 1376 3667 Lusitaniam

329 3731 514 3794 percurrere
536 3719 713 3781 narrentur.
756 3715 826 3781 Iam
848 3733 923 3782 vero
952 3720 1021 3780 arte
1043 3714 1220 3781 conectitur
1249 3713 1376 3779 initium

329 3816 553 3908 ξὸὛοτατοι
577 3818 606 3890 δ’
617 3822 762 3894 οἰκοῦσιν
772 3821 958 3914 ’Ἀρταβροι
979 3823 1056 3913 περὶ
1079 3821 1135 3913 τὴν
1156 3818 1258 3911 ἄκραν
1273 3874 1378 3890 .....

330 3935 419 4013 Quae
440 3955 514 4003 vero
537 3945 713 4021 sequuntur
735 3939 809 4005 inde
831 3939 871 4004 ab
895 3935 1100 4025 περιοικοῦσι
1122 3928 1150 4000 d‘
1166 3927 1263 4025 αὐτὴν
1285 3935 1375 4000 Κελ-

330 4043 425 4134 τικοί,
450 4049 582 4120 alterius
597 4050 737 4122 auctoris
759 4054 844 4136 suut,
865 4068 936 4116 cum
954 4049 1049 4138 plane
1071 4048 1159 4118 aliud
1172 4049 1378 4134 pronuntient
