3292 5006
760 465 973 572 ·.·98-

347 633 485 716 profert,
516 635 634 717 optime
667 641 844 720 congruunt
873 657 945 704 eum
967 637 1195 714 Eratosthene,
1225 637 1280 720 qui
1308 640 1395 721 apud

348 746 452 811 Strab.
463 747 489 812 Ι.
507 747 538 827 4,
554 747 573 810 2
593 767 623 828 p.
640 747 731 813 630.
754 748 897 815 aMeroe
919 750 960 814 ad
985 749 1209 814 Alexandriam
1227 749 1332 816 10000
1344 758 1395 830 st,

347 858 434 922 ultra
457 858 582 923 Meroen
614 859 699 925 3400
720 865 759 924 st.
783 865 894 942 patere
923 861 1010 927 dicit.
1056 861 1176 926 Eadem
1200 860 1318 944 Libyae
1348 861 1395 927 la·

348 970 453 1035 titudo
476 968 671 1052 significatur
700 989 737 1036 eo
767 971 850 1050 loco,
880 974 920 1038 de
949 991 1010 1052 quo
1034 989 1114 1036 nunc
1144 990 1246 1036 sermo
1268 979 1325 1054 est,
1358 969 1397 1036 τὸ

347 1083 422 1164 γοῦν
445 1073 523 1145 αὐτὸ
544 1077 660 1146 θετέον
681 1079 722 1146 τὰ
743 1080 895 1166 μέγιστον
917 1077 1044 1160 πλάτος
1065 1085 1122 1169 τῆς
1138 1077 1277 1168 Λιβύης,
1299 1079 1395 1169 μορί-

348 1216 403 1269 ους
430 1189 487 1256 καὶ
509 1187 707 1276 τρισχιλίους
737 1185 1054 1280 ἢτετρακισχιλίους
1081 1189 1242 1272 σταδίους.
1286 1195 1396 1274 Neque

267 1321 274 1335 ·
348 1303 472 1383 obstat,
502 1305 587 1386 quod
610 1305 662 1368 hic
685 1305 843 1385 regionem
872 1305 959 1370 ultra
983 1305 1109 1370 Meroen
1133 1306 1227 1370 sitam
1250 1305 1336 1372 3000
1357 1313 1396 1372 st.

347 1415 447 1480 latam
477 1434 545 1480 esse
567 1415 722 1493 traditur,
753 1416 777 1479 Ι.
801 1417 838 1496 4,
861 1418 881 1480 2
903 1435 933 1500 p.
958 1417 999 1481 63
1030 1415 1063 1482 C.
1086 1417 1218 1482 eandem
1248 1417 1334 1482 3400
1355 1425 1396 1483 st.

348 1526 430 1591 Nam
452 1526 554 1590 XVII.
576 1528 612 1604 3,
637 1529 653 1590 1
678 1546 708 1607 p.
724 1527 787 1593 825
810 1527 843 1592 0.
874 1527 988 1593 Strabo
1019 1545 1183 1593 numerum
1214 1529 1316 1593 minus
1346 1548 1395 1594 ac·

348 1645 489 1702 curatam
505 1637 581 1702 edit.
626 1637 718 1714 Quod
735 1639 762 1702 si
780 1656 839 1702 non
862 1639 1007 1720 sumitur,
1031 1657 1091 1702 non
1112 1639 1319 1722 intellegitur,
1341 1660 1397 1706 cur

348 1750 483 1833 Libyam
507 1749 612 1840 13000
633 1749 683 1814 vel
707 1751 812 1817 14000
833 1755 875 1815 st.
904 1749 1001 1814 latam
1032 1769 1100 1815 esse
1131 1751 1227 1816 dicat.
1270 1751 1397 1816 Nullam

349 1869 454 1927 autem
477 1862 678 1926 offensionem
707 1861 861 1941 praebent
891 1861 970 1926 haec
1000 1861 1114 1942 verba,
1145 1861 1173 1926 si
1195 1863 1399 1928 recordamur

348 1973 519 2038 secundum
543 1972 785 2037 Eratosthenem
815 1971 873 2037 hoc
902 1973 1041 2053 spatium
1074 1972 1178 2037 13400
1198 1980 1239 2038 st.
1269 1973 1397 2056 longum

349 2105 426 2151 esse.
470 2085 581 2150 Totam
604 2085 703 2166 igitur
724 2083 962 2164 paragraphum
992 2084 1130 2165 exceptis
1160 2084 1271 2166 primis
1293 2085 1398 2151 verbis

335 2196 575 2262 ,Eratosthenis
598 2213 666 2260 esse
689 2177 775 2277 puto.

434 2309 483 2372 De
505 2309 523 2391 §
546 2309 566 2372 2
588 2327 619 2388 p.
635 2307 708 2389 825,
726 2307 794 2373 826
819 2307 851 2372 C.
882 2324 952 2374 cum
976 2306 1049 2400 iam
1081 2325 1179 2389 supra
1208 2309 1253 2388 (p.
1270 2307 1319 2386 16,
1343 2306 1397 2393 18)

349 2420 487 2500 egerim,
510 2437 591 2486 nunc
613 2419 722 2483 statim
747 2423 874 2483 transeo
898 2419 939 2483 ad
963 2419 981 2500 §
1004 2419 1078 2503 l,p.
1094 2418 1154 2485 827
1179 2417 1223 2498 0.,
1245 2437 1339 2500 quam
1363 2426 1399 2485 ut

348 2530 550 2594 Artemidoro
573 2531 755 2611 reddamus,
772 2530 877 2612 ¹Vogel
908 2530 1031 2595 levibus
1061 2529 1256 2612 argumentis
1277 2529 1400 2596 frustra

349 2641 439 2707 nohis
461 2643 654 2724 persuadere
675 2643 794 2707 studet.

435 2753 488 2835 §.8
512 2773 541 2835 p.
558 2754 620 2819 829
637 2751 670 2818 0.
694 2753 829 2835 priorem
853 2758 978 2834 partem
1000 2754 1041 2817 ad
1065 2753 1162 2817 verba
1176 2748 1296 2837 καίπερ
1321 2745 1399 2818 ταύ-

350 2863 510 2940 τουλινεῖς
532 2857 628 2940 ὄντας
658 2864 741 2928 inter
763 2865 955 2929 Artemidori
983 2864 1163 2946 fragmenta
1186 2865 1399 2946 recipiendam

351 2995 436 3058 esse,
459 2977 585 3041 abunde
608 2983 768 3041 testantur
799 2977 900 3058 ipsius
923 2975 1090 3042 Strabonis
1120 2976 1225 3042 verba.
1271 2976 1319 3041 De
1350 2977 1401 3041 his

350 3089 450 3174 igitur
473 3089 574 3154 omnis
597 3088 756 3154 dubitatio
779 3089 923 3170 praecisa
944 3093 1002 3153 est.

435 3201 452 3282 ξ
478 3202 519 3266 10
539 3220 570 3282 p.
588 3200 652 3266 830
673 3200 705 3266 C.
729 3200 807 3265 nihil
839 3200 899 3265 nisi
930 3216 1004 3281 pars
1026 3199 1119 3279 primi
1143 3198 1315 3280 enuntiati,
1346 3199 1399 3265 ubi

348 3311 418 3376 lons
440 3312 624 3397 nominatim
649 3319 852 3390 memoratur,
875 3296 1075 3376 Artemidoro
1100 3309 1263 3390 adsignari
1284 3315 1400 3390 potest.

350 3423 411 3502 Qui
434 3431 541 3489 autem
565 3421 635 3489 lons
658 3425 700 3512 sit
723 3424 741 3506 ξ
765 3426 803 3489 11
826 3443 858 3505 p.
875 3422 947 3504 830,
970 3422 1031 3488 831
1056 3421 1100 3501 C,
1122 3426 1200 3502 puto
1226 3439 1285 3484 non
1308 3439 1401 3502 posse

348 3535 536 3615 diiudicari,
568 3554 638 3600 cum
669 3554 708 3599 ex
738 3533 904 3600 Strabonis
935 3533 1040 3600 verbis
1071 3532 1150 3598 nihil
1181 3539 1400 3615 consequatur.

348 3647 446 3711 Recte
468 3644 605 3712 fortasse
626 3646 726 3728 Vogel
752 3646 986 3711 Artemidorum
1015 3644 1065 3710 vel
1095 3643 1299 3710 Posidonium
1327 3661 1399 3724 pro·
1470 3659 1480 3668 ·

348 3758 465 3839 posuit,
488 3760 544 3825 scd
567 3759 749 3824 coniectura
766 3764 890 3823 tantum
908 3758 941 3822 id
959 3761 1123 3822 assecutus
1146 3761 1205 3836 est,
1228 3773 1287 3819 non
1305 3772 1399 3835 argn-

349 3870 464 3934 mcntis
488 3870 727 3936 demonstravit.
773 3869 891 3934 Eodem
923 3870 1016 3934 modo
1046 3883 1190 3943 causam,
1221 3884 1284 3947 qua
1314 3866 1401 3930 nisus

349 3981 512 4045 contendit
545 3982 645 4062 Vogel
679 3982 915 4048 Artemidorum
950 3982 1032 4062 §19
1065 3997 1095 4059 p.
1118 3973 1180 4038 835
1211 3974 1244 4040 0.
1281 3973 1399 4041 fontem

347 4110 426 4176 esse,
449 4111 509 4157 noo
525 4091 668 4159 sulficere
684 4092 846 4173 existimo;
868 4111 965 4157 unum
985 4091 1067 4154 enim
1083 4086 1172 4164 illud,
1194 4087 1279 4167 quod
1295 4086 1400 4154 verbis
