3300 5018
798 469 1008 538 ,42-

377 648 501 722 partera
535 642 563 707 ei
586 642 767 707 adscribere
797 642 900 708 liceat.
945 641 1050 707 Verba
1081 641 1163 707 enim
1195 638 1349 727 τρέφεται
1371 644 1425 722 (sc.

377 748 395 816 ὁ
418 747 552 834 θύννος)
573 751 610 818 da*
628 748 759 838 βαλάνςυ
782 750 895 842 δρυλνῃ
913 749 1056 840 φυομένῃ
1079 749 1162 817 κατά
1184 755 1241 836 τῆς
1258 749 1427 837 θαλάττης

376 859 566 950 χαμαιζήλῳ
579 861 643 928 τινὶ
660 859 882 946 παντάπασιν,
905 859 1084 950 ἆδράιατον
1098 857 1129 928 δ’
1155 858 1333 951 ἐκφερούσῃ
1347 885 1425 949 καρ-

379 969 444 1040 ιόι
459 975 542 1040 taem
557 977 721 1057 praebent,
737 976 819 1057 quoa
837 960 1234 1059 Poryo.ltxx1v.a,1-a
1250 973 1425 1055 (horesco.)

377 1087 462 1167 apud
477 1086 675 1152 Athenaeum
687 1086 759 1152 VII.
773 1086 862 1151 3020
885 1082 1050 1168 noticiae
1065 1139 1072 1150 .
1090 1136 1097 1150 .
1115 1135 1122 1150 .
1140 1135 1148 1151 .
1171 1083 1269 1171 φησὶν
1292 1081 1342 1150 ὅτι
1363 1081 1424 1167 βά-

378 1194 470 1262 λανοί
490 1193 574 1262 εἰσιν
595 1195 678 1263 κατά
701 1192 809 1280 βάθος
832 1195 865 1262 ἕν
887 1201 927 1285 τῇ
948 1191 1069 1263 αὐτόθι
1090 1192 1241 1285 θαλάττῃ
1263 1219 1424 1282 πεφυτευ-

376 1306 491 1392 μέναι,
521 1297 565 1373 ὧν
594 1307 651 1374 τὸν
679 1308 807 1396 καρπὸν
836 1307 1043 1393 σιτουμένους
1071 1307 1146 1386 τούς
1173 1304 1311 1385 θύννους
1332 1302 1423 1372 πιαί-

377 1426 504 1485 νεσθαι.
546 1421 722 1498 Quominus
751 1421 830 1486 haec
858 1441 896 1485 ex
918 1421 1026 1486 eodem
1050 1421 1138 1487 fonte
1157 1421 1284 1488 fluxisse
1306 1428 1426 1502 putem,

378 1552 417 1597 ne
441 1532 501 1596 hac
522 1533 649 1613 quidem
673 1551 708 1598 re
729 1532 894 1614 impedior,
917 1533 1000 1615 quod
1023 1534 1109 1614 apud
1125 1532 1323 1598 Athenaeum
1347 1533 1425 1615 legi-

378 1661 449 1707 mus
470 1643 637 1727 Polybium
667 1645 700 1708 id
724 1664 889 1710 enarrasse
911 1641 989 1731 περὶ
1012 1646 1069 1732 τῆς
1091 1642 1124 1709 ἑν
1142 1636 1264 1732 Ἰβηρίᾳ
1286 1649 1424 1710 Λυσι-

378 1749 523 1830 τανίας
542 1749 650 1840 χώρας
672 1750 907 1840 διαλεγόμενον.
951 1757 1051 1822 Evers
1067 1757 1150 1821 onim
1167 1756 1187 1821 l.
1204 1757 1224 1821 l.
1240 1776 1271 1837 p.
1287 1757 1331 1823 40
1354 1756 1424 1838 (cfr.

377 1885 407 1948 p.
423 1867 474 1946 27,
497 1886 568 1932 ann.
591 1867 625 1946 2)
657 1867 719 1931 alio
751 1867 892 1949 exemplo
921 1868 1082 1949 exposuit,
1113 1886 1207 1948 quam
1237 1867 1328 1949 parvi
1360 1886 1425 1932 mo-

377 1978 475 2042 menti
504 1979 578 2044 talis
601 1978 778 2045 differentia
809 1986 901 2045 esset.
945 1980 1116 2045 Praeterea
1138 1979 1302 2044 Strabonis
1330 1979 1426 2045 verba

377 2089 409 2154 in
434 2091 539 2156 media
560 2088 626 2156 fere
647 2091 850 2173 paragrapho
872 2088 929 2155 καὶ
950 2086 1034 2155 data
1058 2086 1162 2154 πλείω
1184 2092 1248 2153 τῶν
1270 2085 1423 2155 τοιούτων

377 2194 473 2284 ὕψιον
495 2201 611 2267 similia
633 2209 707 2268 sunt
723 2201 831 2286 Polyb.
847 2203 990 2268 XXXIV.
1008 2205 1036 2282 S,
1061 2204 1080 2269 6
1104 2203 1189 2284 apud
1206 2201 1320 2267 Athen.
1337 2202 1424 2268 VIII.

377 2314 442 2378 330
455 2321 535 2378 extr.
553 2311 592 2378 τὸ
614 2311 650 2378 δὲ
664 2308 847 2378 θαλάττιον
862 2308 959 2398 ὄψον.
1003 2315 1099 2395 Apud
1123 2333 1171 2379 me
1187 2313 1286 2394 igitur
1303 2312 1335 2377 in
1352 2332 1425 2380 cou-

377 2421 460 2489 iesso
483 2430 533 2490 est
555 2430 656 2489 totam
678 2426 915 2508 paragraphum
939 2427 1070 2508 Polybio
1095 2425 1214 2508 deberi,
1237 2424 1425 2507 praesertim

377 2551 447 2599 cum
471 2535 593 2615 Strabo,
615 2557 696 2620 quae
719 2538 762 2602 sit
784 2539 970 2618 magnitudo
992 2539 1195 2620 animalium,
1217 2539 1328 2603 eadem
1351 2535 1425 2599 sub·

376 2645 426 2710 tili
456 2649 579 2715 ratione
610 2651 732 2728 tradat,
767 2668 829 2731 qua
858 2649 1009 2733 Polybius
1039 2649 1057 2715 l.
1080 2650 1100 2715 l.
1131 2649 1235 2731 pretia
1266 2646 1426 2726 frumenti,

376 2758 451 2839 vini,
474 2759 607 2826 aliarum
632 2781 745 2827 rerum.

464 2871 585 2938 Scimus
614 2873 713 2952 igitur
742 2873 824 2940 inter
855 2873 936 2956 §§5
966 2878 998 2937 et
1030 2871 1048 2935 ‘l
1078 2871 1263 2938 Strabonem
1294 2870 1425 2936 desiisse

378 2983 545 3049 Posidonio
567 2985 616 3050 nti
638 2991 670 3050 et
693 2984 858 3068 Polybium
881 3004 1035 3067 usurpare
1057 2984 1203 3066 coepisse.
1248 2981 1338 3062 Quod
1361 2980 1424 3046 iac·

377 3101 444 3161 tum
468 3115 536 3162 esse
558 3097 696 3164 arbitror
718 3098 809 3163 initio
832 3098 885 3181 §6
909 3117 938 3178 p.
957 3097 1018 3165 144
1041 3098 1084 3175 G,
1106 3115 1177 3162 cum
1200 3095 1244 3160 ibi
1267 3113 1347 3160 nova
1369 3094 1424 3160 de-

377 3207 559 3288 scriptionis
580 3228 656 3290 pars
678 3209 827 3290 incipiat,
859 3228 993 3290 cumque
1015 3209 1046 3273 in
1070 3208 1130 3274 hac
1152 3205 1353 3288 paragrapho
1376 3225 1424 3270 re-

376 3326 520 3400 petatur,
543 3322 626 3401 quod
649 3321 713 3387 iam
735 3322 766 3386 in
790 3301 998 3387 antecedente
1020 3321 1140 3386 dictum
1163 3325 1248 3399 erat,
1271 3317 1425 3399 plurimas

377 3429 550 3511 Hispaniae
567 3451 662 3498 naves
683 3434 724 3498 ad
741 3432 866 3498 ltaliam
891 3432 1021 3497 advehi:
1045 3434 1063 3512 ξ
1086 3433 1107 3497 b
1128 3451 1158 3512 p.
1176 3428 1285 3497 1430.
1308 3424 1425 3493 ἅπασα

377 3535 412 3605 d'
435 3537 455 3627 ἡ
476 3539 621 3630 ἐμπορία
644 3541 728 3630 πρὸς
749 3542 806 3632 τὴν
826 3539 965 3608 Ἰταλίαν
981 3540 1053 3608 ἐστὶ
1073 3539 1128 3606 καὶ
1150 3535 1347 3628 τὴνἾίύμην,
1369 3541 1388 3621 ξ
1405 3541 1425 3604 6

376 3672 407 3733 p.
425 3655 486 3720 145
509 3654 542 3720 C.
568 3649 703 3732 ὁλκάδες
731 3653 791 3740 γάρ
819 3652 970 3738 μέγισται
1001 3651 1091 3739 παρὰ
1118 3647 1240 3717 τοτ’τιον
1270 3649 1425 3717 πλέουσιν

378 3759 426 3840 εἷς
442 3761 659 3852 Δικαιαρχίαν
673 3764 729 3831 καὶ
744 3759 922 3844 τάὬστια,
945 3766 1002 3852 τῆς
1010 3761 1133 3850 Ῥώμης
1149 3760 1300 3828 ἐπίνειον.
1337 3765 1425 3841 Quae

376 3876 517 3941 eiusdem
541 3878 585 3940 rei
609 3876 749 3958 repititio
770 3895 840 3941 eum
864 3878 973 3943 eodem
998 3878 1089 3942 modo
1105 3875 1256 3956 explicari
1279 3882 1426 3956 nequeat,

377 4005 439 4068 quo
461 4007 565 4052 rerum
598 4007 623 4053 c.
647 3989 675 4068 1,
699 3989 781 4053 6-9
811 4006 842 4069 p.
862 3989 932 4068 139,
956 3988 1019 4054 140
1040 3988 1074 4053 Ο.
1098 3993 1424 4063 commemoratarum,

377 4097 564 4165 Strabonem
601 4098 699 4166 alium
732 4107 893 4166 auctorem
927 4106 1070 4168 secutum
1104 4116 1173 4168 esse
1205 4115 1331 4167 necesse
1366 4104 1424 4166 est.
