3292 5006
808 435 1019 502 ..54-

391 605 487 672 etiam
518 606 581 672 alia
604 609 726 672 ratione
749 608 929 674 accuratius
960 607 1163 684 definiamus,
1194 616 1315 689 quanta
1337 607 1437 674 totius

390 719 613 800 descriptionis
642 739 718 801 pars
741 720 960 785 Artemidorea
989 721 1041 784 sit.
1087 721 1131 786 Ao
1166 719 1255 786 uobis
1285 720 1317 784 id
1340 738 1437 799 quae-

389 830 533 894 rentibus
556 831 725 896 maximum
742 831 918 896 subsidium
941 817 1074 912 praebet
1090 831 1221 895 Diodori
1238 830 1334 896 Sicuti
1357 830 1438 896 liber

391 941 505 1006 tertius
534 948 565 1005 et
595 942 748 1022 epitome,
778 961 871 1023 quam
894 943 1027 1008 Photius
1049 942 1300 1024 Agatharchidei
1333 941 1437 1022 operis

390 1050 468 1136 περὶ
489 1052 545 1136 τίς
568 1049 710 1139 ἐρυθρᾶς
731 1048 903 1137 θαλάσσης
923 1052 1010 1118 fecit.
1055 1053 1187 1118 Constat
1209 1052 1292 1116 enim
1315 1059 1348 1117 et
1363 1053 1436 1117 Dio-

390 1166 500 1227 dorum
514 1163 652 1228 Siculum
671 1170 703 1228 et
716 1164 953 1228 Artemidorum
971 1164 1114 1230 hausisse
1133 1185 1170 1230 ex
1189 1163 1437 1245 Agatharchido.

390 1276 470 1340 Nam
504 1275 739 1342 Artemidorum
771 1295 841 1340 eum
874 1276 998 1341 novisse
1025 1283 1058 1339 et
1088 1293 1276 1340 memorasse
1307 1269 1450 1356 eognosss

390 1389 473 1453 nitur
495 1407 532 1452 ex
555 1386 718 1452 Strabonis
741 1387 847 1454 verbis
877 1387 961 1451 XVI.
982 1389 1013 1467 4,
1038 1389 1077 1452 19
1108 1398 1186 1452 extr.
1210 1407 1239 1468 p.
1257 1386 1318 1450 778
1342 1385 1390 1450 0.
1405 1391 1438 1450 et

391 1519 415 1564 o.
432 1499 462 1578 4,
486 1502 527 1565 20
549 1516 579 1578 p.
596 1499 658 1563 779
674 1498 707 1562 0.
724 1498 769 1562 in:
797 1499 905 1562 Ταῦτα
926 1495 987 1580 μὲν
1006 1496 1084 1582 περὶ
1106 1493 1228 1563 τούτων
1250 1490 1356 1582 ε’ίρνγιε
1379 1497 1437 1578 (se.

386 1602 654 1695 Ἀρτεμίδωρος),
677 1599 781 1673 τᾶλλα
813 1607 850 1674 δὲ
871 1606 912 1674 τό
934 1607 995 1693 μὲν
1018 1605 1259 1695 παραπλησίως
1280 1607 1327 1694 τῷ
1345 1601 1438 1694 Ἐρα-

390 1720 540 1787 ποσθίνει
554 1718 654 1804 λέγει·
671 1720 711 1785 τὰ
724 1719 760 1786 δὲ
775 1719 830 1785 καὶ
844 1718 936 1806 παρὰ
947 1721 1011 1784 τῶν
1022 1714 1131 1785 ιἰίλλιον
1143 1717 1315 1808 ἱστορικῶν
1327 1745 1436 1806 παρα-

390 1829 522 1917 τίθησιν
549 1833 606 1915 (20
628 1833 661 1898 C.
681 1832 829 1917 779)...
855 1825 1100 1919 ³Aytrthoeppidpn
1126 1831 1163 1900 δὲ
1179 1884 1186 1898 .
1203 1883 1234 1898 ..
1258 1829 1437 1920 ἱστορῆσαι.

391 1944 563 2009 Diodorum
587 1951 693 2010 autem
722 1945 789 2008 eius
811 1945 947 2026 vestigia
978 1944 1091 2026 legisse
1115 1965 1204 2010 nemo
1227 1964 1286 2010 non
1311 1944 1439 2022 videbit,

390 2056 444 2136 qui
468 2056 516 2122 vel
540 2055 643 2122 obiter
665 2057 697 2120 in
720 2056 861 2122 editione
883 2057 1073 2122 Mitileriaua
1096 2057 1210 2138 Geogr.
1227 2058 1339 2123 Graec.
1363 2056 1438 2120 min.

390 2169 415 2232 Ι.
441 2170 500 2232 111
532 2173 565 2230 ot
595 2186 677 2247 quae
700 2172 875 2247 sequuntur
897 2171 1130 2250 comparaverit
1161 2189 1230 2234 oum
1261 2168 1324 2246 eis,
1356 2186 1439 2249 quae

391 2278 549 2344 Diodorus
586 2284 619 2341 et
650 2278 907 2357 Agatharchides
943 2282 1026 2360 apud
1059 2279 1207 2344 Photium
1247 2282 1286 2346 de
1324 2279 1438 2345 iisdem

390 2390 485 2454 robus
508 2390 719 2454 tradiderunt.

476 2519 590 2600 Itaque
623 2520 649 2583 si
683 2527 715 2583 et
747 2520 832 2599 apud
863 2519 1048 2583 Strabonem
1083 2525 1115 2585 et
1148 2521 1234 2601 apud
1264 2520 1438 2585 Diodorum

391 2629 474 2693 idem
499 2630 682 2710 invenimus,
706 2631 837 2696 dubium
861 2650 929 2696 esse
953 2651 1012 2697 non
1037 2637 1153 2713 potest,
1176 2633 1250 2711 quin
1276 2632 1328 2696 ille
1346 2634 1439 2696 Arte-

392 2741 530 2818 midoro,
553 2741 605 2808 hio
627 2743 866 2822 Agatharchide
895 2744 925 2806 in
949 2742 1150 2809 conficiendis
1178 2743 1267 2808 libris
1290 2729 1365 2807 usus
1387 2743 1439 2808 sit.

390 2852 563 2917 Videamus
587 2871 667 2918 nuno
688 2854 821 2934 singula.

478 2981 582 3046 Strab.
599 2982 683 3047 XVI.
702 2983 732 3058 4,
755 2984 775 3048 5
798 3003 828 3064 p.
845 2985 908 3049 769
924 2983 957 3048 C.
980 2983 1054 3048 inde
1076 3003 1096 3047 a
1119 2985 1223 3048 verbis
1245 2975 1318 3047 εἶτα
1339 2977 1441 3069 ἄλλην

392 3089 490 3156 πόλιν
515 3086 691 3179 Ἀρσινόην
722 3095 764 3158 ad
795 3092 853 3159 τόν
871 3088 1084 3177 Ἀκοίθαρτον
1116 3091 1242 3158 κόλπον
1266 3097 1348 3158 idem
1374 3099 1439 3160 tra-

391 3205 487 3282 ditur,
510 3205 594 3286 quod
618 3206 702 3286 apud
727 3205 900 3270 Diodorum
923 3207 981 3271 111.
1005 3208 1055 3284 39,
1084 3208 1173 3287 1-3,
1202 3201 1439 3290 ὁκαλούμενος

392 3309 590 3399 ἀκάθαρτος.

477 3455 495 3536 ξ
518 3453 538 3517 6
560 3473 589 3535 p.
608 3453 670 3518 770
693 3453 726 3519 Ο.
748 3485 792 3507 =
815 3455 905 3519 Diod.
927 3455 984 3519 III.
1008 3457 1059 3532 39,
1081 3457 1174 3521 4-9.

477 3594 494 3673 ξ
519 3594 536 3656 7
560 3611 590 3672 p.
607 3591 670 3656 770
693 3587 726 3656 C.
749 3594 909 3674 usquead
936 3593 1033 3657 verba
1055 3588 1137 3676 ὅπερ
1162 3589 1335 3674 πλεονάζει
1355 3592 1439 3659 κατὰ

391 3698 447 3766 τόν
470 3698 574 3785 πόρον
595 3733 638 3754 ==
660 3702 751 3767 Diod.
774 3703 830 3768 III.
853 3705 906 3785 40,
933 3705 1021 3770 1-3.

477 3842 591 3923 §hp
608 3841 663 3906 771
693 3840 726 3906 O.
748 3861 848 3924 usque
878 3844 919 3907 sd
943 3835 1054 3925 ὥσπερ
1085 3839 1144 3918 τὰς
1174 3839 1267 3928 ῥίζας
1290 3839 1319 3910 oi
1337 3840 1439 3926 Ῥιζο-

394 3947 491 4038 φόγοι
523 3984 565 4005 =
596 3953 688 4017 Diod.
719 3954 779 4017 111.
809 3955 859 4030 23,
884 3957 920 4034 1,
951 3953 1034 4019 aurai
1064 3954 1124 4039 γαρ
1154 3953 1210 4042 τὴν
1242 3951 1440 4022 Αἰθιοπίαν

394 4082 492 4144 usque
518 4065 558 4128 ad
582 4063 637 4128 111.
660 4065 712 4143 24,
737 4066 764 4128 1.
