3292 5006
807 459 1018 526 „gg-

389 651 420 712 p.
444 630 506 697 836
529 630 569 696 C:
601 625 758 716 ἐνδοτέρω
792 625 829 695 δὲ
858 629 919 717 τῆς
949 625 1122 718 Βερενίκης
1154 625 1225 695 ἐστὶ
1254 627 1292 695 τὸ
1323 629 1441 715 μικρὸν
1498 680 1502 687 .

390 735 590 830 ἀκρωτήριον
620 736 792 826 λεγόμενον
815 737 968 824 Βόρειον,
998 731 1018 806 ὃ
1048 744 1140 806 ποιεῖ
1170 738 1209 806 τὸ
1240 737 1350 826 στόμα
1381 741 1441 830 τῆς

392 848 537 940 Σύρτεως
558 850 645 938 πρὸς
666 849 725 930 τὰς
740 849 909 938 Κεφαλάς.
955 852 1125 918 Automala
1139 859 1256 933 autem,
1279 854 1320 918 ad
1344 872 1440 935 quam

389 965 498 1030 urbem
521 964 622 1045 Vogel
645 965 811 1030 circuitum
835 965 939 1047 Syrtis
961 983 1030 1030 esse
1052 965 1159 1043 sumit,
1182 965 1212 1028 in
1237 964 1349 1029 intimo
1373 965 1441 1030 eius

390 1077 461 1141 sinu
483 1076 589 1158 posita
613 1081 719 1156 erant,
742 1075 797 1142 clr.
822 1095 847 1142 c.
865 1078 895 1158 3,
917 1076 960 1140 20
982 1077 1063 1141 med.
1086 1095 1118 1157 p.
1136 1076 1198 1142 836
1214 1075 1261 1168 C:'
1278 1074 1334 1140 καὶ
1355 1071 1439 1159 μεέοὶ
1510 1067 1531 1156 f

388 1182 522 1266 τούτους
551 1179 753 1272 Alcmeonis,
784 1183 940 1275 φρούριον
972 1184 1115 1274 φυλακὴν
1147 1181 1237 1268 ἔχον,
1270 1181 1441 1274 ἱδρυμένον

389 1296 472 1364 κατὰ
504 1297 562 1364 τὸν
593 1298 694 1383 μυχὸν
726 1301 783 1364 τοῦ
815 1295 941 1364 κόλπον
972 1294 1108 1375 παντός.
1160 1299 1273 1380 Itaque
1306 1317 1440 1379 summa,

390 1428 484 1491 quam
508 1411 607 1510 Vegel
629 1411 772 1493 collegit,
802 1411 971 1478 minuenda
994 1416 1044 1476 est
1078 1410 1162 1478 1500
1185 1416 1239 1491 st,
1271 1427 1332 1490 quo
1355 1409 1440 1476 iacto

390 1527 515 1588 restant
551 1521 659 1589 27900
695 1528 734 1589 st.
800 1523 892 1600 Quod
929 1523 1032 1604 primo
1069 1529 1200 1604 aspectu
1237 1539 1306 1587 cum
1345 1520 1441 1586 Plinii

390 1633 496 1700 28472
518 1639 557 1698 st.
588 1635 639 1699 vix
662 1634 857 1701 conciliatur.
903 1635 965 1701 Sed
995 1635 1055 1700 hoc
1085 1654 1182 1700 unum
1204 1633 1440 1716 respiciendum

389 1750 449 1823 est,
471 1744 614 1828 singulas
629 1764 794 1811 mensuras
816 1765 877 1811 non
894 1765 955 1811 uno
971 1753 1080 1813 tenore
1096 1750 1198 1810 totum
1221 1745 1298 1810 litus
1314 1745 1441 1810 Africae

390 1856 567 1935 continere,
604 1858 659 1922 sed
697 1857 854 1938 periplum
891 1858 1018 1939 saepius
1055 1857 1253 1937 interrumpi.
1312 1855 1441 1937 Excipit

388 1967 470 2033 enim
493 1985 671 2033 mensuram
696 1967 800 2051 Syrtis
831 1969 976 2048 maioris,
1005 1987 1100 2051 quam
1134 1969 1176 2033 ad
1198 1968 1332 2032 Boreion
1364 1988 1441 2050 pro-

388 2079 582 2145 munturium
605 2081 765 2161 pertinere
789 2080 934 2158 vidimus,
957 2077 1036 2158 elie,
1067 2097 1148 2160 quae
1179 2079 1279 2145 currit
1301 2099 1321 2144 a
1343 2079 1440 2146 Bere·

390 2190 468 2268 nice,
500 2189 577 2257 urbe
599 2190 695 2273 paulo
716 2192 790 2273 plus
811 2193 853 2256 ad
882 2190 1132 2273 septentrionem
1154 2197 1312 2272 provecta.
1358 2190 1439 2256 Tum

389 2320 571 2383 mensurae,
601 2321 683 2385 quae
713 2308 788 2368 sunt
818 2302 982 2385 aCyrene
1015 2303 1056 2366 ad
1080 2300 1327 2369 Catabathmum
1358 2306 1392 2368 et
1420 2323 1440 2368 a

389 2413 540 2478 Berenice
569 2414 611 2478 ad
642 2414 858 2496 Apolloniam,
889 2413 1025 2496 Cyrenes
1055 2414 1247 2494 emporium,
1277 2432 1337 2477 non
1369 2418 1440 2479 arta

388 2525 472 2589 inter
494 2543 529 2590 se
551 2525 730 2590 cohaerent.
774 2523 917 2606 Denique
939 2524 999 2590 boc
1023 2525 1195 2589 notandum
1212 2523 1439 2605 Carthaginem

388 2634 579 2716 aCephalis
601 2635 673 2716 plns
695 2635 781 2702 5000
804 2634 843 2701 st.
876 2635 995 2701 abesse.
1050 2636 1202 2700 Videmus
1233 2635 1332 2716 igitur
1364 2636 1439 2701 huic

388 2765 545 2826 summae,
577 2759 677 2828 quam'
694 2747 873 2827 accepimus
896 2747 1153 2828 consummando,
1175 2746 1295 2829 aliquid
1319 2747 1439 2812 adden-

388 2859 463 2922 dum
479 2877 557 2937 esse,
580 2859 627 2923 ita
649 2864 686 2923 ut
701 2877 771 2924 cum
788 2876 916 2924 numero
932 2859 1019 2939 apud
1035 2857 1172 2923 Plinium
1189 2857 1310 2924 tradito
1325 2859 1438 2924 melius

388 2970 571 3036 consentiat.
614 2969 683 3035 Non
708 2989 786 3050 opus
815 2977 865 3034 est
887 2989 943 3035 nos
964 2971 1007 3035 ad
1033 2969 1112 3035 vitia
1135 2969 1310 3035 scribarum
1334 2976 1438 3035 statu-

387 3082 469 3146 ende
490 3080 658 3163 confugere
679 3081 729 3148 vel
752 3082 793 3146 ad
817 3081 954 3162 reliques
977 3080 1212 3162 explicationes,
1235 3099 1315 3163 quas
1337 3082 1439 3163 Vogel

387 3192 408 3258 l.
431 3192 450 3258 l.
474 3192 612 3275 profert,
636 3200 689 3274 ut,
721 3210 803 3273 quae
825 3192 947 3258 Plinius
978 3200 1012 3258 et
1035 3192 1149 3258 Strabo
1181 3194 1222 3258 de
1251 3196 1311 3260 boe
1333 3195 1438 3275 spatio

387 3304 598 3384 tradidemnt,
621 3305 704 3369 inter
727 3322 760 3371 se
783 3303 997 3370 concilientur.

473 3415 595 3493 Quibus
618 3414 713 3480 rebus
736 3415 887 3497 expositis
910 3434 980 3481 cum
1003 3416 1108 3481 omnia
1130 3416 1333 3497 protulerim,
1357 3434 1438 3499 quae

386 3527 428 3590 de
450 3526 584 3592 circuitu
607 3546 680 3592 orae
704 3527 842 3609 Aegypti
866 3533 897 3592 et
919 3528 1040 3609 Libyae
1062 3528 1197 3593 dicenda
1219 3534 1310 3609 sunt,
1333 3528 1437 3612 inqui·

387 3656 454 3703 ram
478 3639 613 3703 nuncin
636 3644 745 3720 partes
767 3636 840 3703 libri
856 3639 984 3720 septimi
1007 3638 1119 3704 decimi
1143 3657 1214 3704 cum
1236 3639 1361 3720 periplo
1376 3659 1436 3704 non

387 3749 599 3816 cohaerentes.
644 3749 707 3814 Eos
729 3755 836 3815 autem
859 3749 943 3816 locos
966 3750 1127 3832 omittam,
1151 3750 1205 3816 nbi
1227 3750 1297 3816 luce
1319 3750 1437 3816 clarius

386 3862 429 3926 sit
451 3861 530 3926 nihil
552 3881 589 3926 ax
613 3861 833 3940 Artemidoro,
862 3862 903 3926 de
926 3880 987 3943 quo
1017 3861 1083 3927 solo
1106 3863 1229 3945 agitur,
1260 3859 1358 3926 fluere
1380 3880 1459 3944 po·⁴

283 4015 285 4020 -
386 3974 494 4069 tuisse.

470 4084 563 4151 Unde
591 4084 726 4151 nauscae
757 4085 822 4150 sna
851 4085 890 4167 §g
914 4085 930 4149 1
953 4104 988 4166 p.
1004 4085 1067 4151 nse
1090 4084 1124 4152 c.
1156 4065 1191 4151 el
1218 4087 1239 4150 a
1267 4104 1298 4168 p.
1317 4085 1380 4151 cao
1403 4085 1436 4152 c.
