3292 5006
755 431 966 498 ..96-

331 607 409 683 tum,
431 603 464 668 in
487 603 703 672 describendis
715 603 834 685 plantis
850 603 1039 669 Strabonem
1061 607 1095 668 et
1110 602 1285 669 Diodomm
1302 621 1384 668 com·

331 714 437 796 pluria
467 734 629 795 narrasse,
661 733 741 796 quae
773 715 858 780 inter
887 734 921 780 se
952 720 1114 797 pugnent·
1147 715 1227 804 ¹Tum
1257 734 1296 780 ne
1326 716 1385 781 hoc

332 826 459 908 quidem
489 845 653 891 commune
684 826 820 907 habent,
852 832 888 892 ut
920 828 960 890 de
990 826 1108 891 eisdem
1140 826 1260 908 plantis
1287 807 1386 891 verba

331 937 467 1019 faciant;
498 939 594 1004 immo
624 957 698 1003 vero
736 938 820 1002 solus
850 937 1008 1003 Diodorus
1040 937 1191 1004 describit
1223 936 1322 1001 lotum
1353 944 1386 1002 et

334 1049 507 1132 myxarion,
530 1050 615 1114 solus
639 1049 754 1115 Strabo
776 1047 923 1132 byblum,
945 1049 1076 1128 corsion,
1099 1054 1252 1128 tragema.
1296 1046 1385 1112 Nihil

334 1162 434 1242 igitur
461 1179 519 1226 nos
547 1160 666 1226 habere
697 1161 827 1242 opinor,
857 1161 942 1241 quod
973 1161 1060 1242 apud
1091 1166 1262 1242 utrumque
1284 1159 1385 1241 scrip-

334 1279 434 1338 torem
457 1273 591 1337 eundem
614 1270 733 1337 iontem
757 1276 947 1336 statuamus.

419 1384 571 1448 Eiusdem
603 1382 718 1448 indolis
748 1391 797 1448 est
828 1383 890 1464 §5
919 1403 949 1464 p.
966 1384 1029 1449 824
1052 1382 1104 1459 (1.,
1126 1401 1189 1465 qua
1221 1382 1261 1446 de
1290 1400 1385 1448 causa

335 1497 432 1562 etiam
456 1495 529 1560 huic
544 1495 669 1573 Vogelii
684 1495 918 1560 dissertationis
938 1495 1024 1575 parti
1042 1514 1194 1577 repugno,
1216 1513 1281 1577 qua
1301 1495 1385 1572 inde,

333 1608 417 1688 quod
441 1611 473 1671 et
495 1606 580 1686 apud
604 1605 776 1670 Diodorum
792 1607 817 1670 Ι.
840 1606 883 1670 34
905 1610 938 1670 et
959 1607 1046 1686 apud
1067 1605 1256 1672 Strabonem
1282 1601 1385 1684 ζύθου

334 1719 472 1800 potionis
494 1717 612 1782 mentio
635 1716 672 1781 fit
692 1723 726 1782 et
748 1715 870 1783 fructus
894 1717 1028 1782 alicuius
1050 1718 1119 1780 κῖκι
1141 1717 1306 1798 nominati,
1329 1718 1383 1797 qui

334 1830 437 1894 oleum
469 1830 628 1910 quoddam
659 1832 808 1910 generat,
844 1835 1014 1911 utrumque
1053 1846 1091 1892 ea
1122 1830 1230 1909 ¹eidem
1262 1829 1385 1894 auctori

335 1941 450 2006 debere
479 1940 647 2008 concludit.
693 1939 756 2004 Sed
786 1946 913 2021 praeter
943 1940 1003 2004 has
1032 1940 1112 2004 duas
1143 1958 1195 2005 res
1225 1940 1304 2005 nihil
1337 1939 1384 2004 in·

211 2107 214 2114 .
334 2053 461 2117 venitur
482 2053 514 2117 in
537 2052 597 2117 hac
612 2051 826 2133 paragrapho,
848 2068 910 2131 quo
928 2051 1007 2117 haec
1023 2051 1146 2134 Vogalii
1168 2051 1274 2132 opinio
1296 2049 1384 2116 affir-

336 2169 451 2229 matur.

422 2273 544 2352 Quibus
566 2274 660 2340 rebus
690 2272 840 2355 perlectis
862 2273 977 2338 Strabo
1007 2273 1038 2338 in
1061 2273 1166 2355 capite
1194 2273 1291 2338 tertio
1313 2291 1385 2355 per-

339 2386 427 2451 venit
448 2386 489 2449 ad
512 2385 657 2451 ultimam
679 2385 753 2451 libri
774 2391 909 2466 partam,
932 2386 973 2449 ad
989 2384 1228 2452 describendam
1244 2385 1385 2468 Libyam.

338 2499 445 2563 Prima
468 2497 565 2562 verba
580 2496 695 2562 Strabo
717 2497 786 2578 ipse
809 2497 985 2577 composuit
999 2515 1099 2578 usque
1121 2497 1163 2562 ad
1186 2494 1227 2560 ud
1248 2493 1294 2583 μὴ
1316 2495 1385 2574 lay-

337 2605 440 2673 θὲντα
457 2602 624 2694 πρότερον.
667 2607 715 2672 De
730 2605 869 2672 fontibus
891 2611 921 2672 in
939 2607 1061 2690 reliqua
1084 2608 1279 2689 paragraphi
1295 2613 1386 2689 parte

339 2719 493 2786 adhibitis
514 2718 615 2799 Vogel
646 2718 727 2783 hanc
757 2717 818 2783 sibi
848 2716 938 2783 finxit
960 2699 1165 2784 sententiam:
1197 2719 1386 2785 Strabonem

338 2831 398 2896 hoc
420 2831 488 2896 loco
510 2848 582 2911 non,
605 2837 641 2895 ut
662 2830 773 2911 soleat,
803 2829 974 2894 secundum
998 2830 1241 2896 Eratosthenem
1254 2830 1295 2895 'in
1319 2831 1388 2895 uni-

339 2961 466 3008 versum
490 2941 648 3022 regionem
670 2941 821 3022 Libycam
845 2942 1033 3020 describere,
1056 2943 1240 3025 prinsquam
1263 2942 1304 3006 ad
1326 2943 1389 3007 sin-

338 3054 415 3137 gula
436 3055 584 3132 accedat,
617 3052 802 3134 saepissime
831 3058 937 3118 autam
961 3053 1043 3118 idem
1066 3054 1150 3135 quod
1173 3053 1388 3136 geographum

340 3166 547 3247 Cyrenaicum
571 3163 721 3245 proferre.
764 3164 936 3230 Praeterea
954 3183 1025 3229 eum
1049 3165 1138 3245 sequi
1162 3164 1217 3230 On.
1233 3164 1388 3245 Pisonem,

339 3277 423 3360 quod
438 3284 474 3342 ut
496 3276 709 3357 intellegatur,
732 3275 774 3340 11.
789 3275 819 3355 5,
835 3276 877 3340 33
892 3294 922 3356 p.
941 3276 1002 3366 139
1018 3275 1050 3341 Ο.
1074 3275 1294 3340 conferendam
1312 3293 1388 3341 esse.

426 3387 487 3452 Sed
509 3387 569 3453 hoc
590 3387 727 3468 primum
752 3388 941 3452 monendum
964 3393 1022 3465 ast,
1046 3386 1233 3454 Strabonem
1256 3407 1290 3452 re
1305 3405 1390 3468 vera,

339 3504 375 3564 ut
388 3500 525 3580 saepius,
541 3499 638 3564 etiam
654 3499 685 3563 in
704 3499 765 3563 hac
775 3498 977 3584 paragrapho
997 3499 1029 3563 in
1045 3499 1225 3564 universum
1238 3499 1278 3564 de
1288 3497 1390 3581 Libya

340 3611 504 3689 disserere,
528 3611 617 3675 cuius
633 3609 677 3674 rei
698 3609 913 3675 testimonium
930 3629 967 3674 ex
989 3609 1089 3692 ipsius
1105 3610 1270 3693 scriptoris
1287 3611 1391 3676 verbis

340 3727 448 3804 petere
469 3721 553 3786 licet.
574 3721 694 3786 Videas
716 3725 879 3802 postrema
902 3721 920 3804 ξ
945 3721 961 3785 1
990 3727 1070 3787 extr.
1093 3741 1123 3801 p.
1147 3722 1390 3788 ancarana:

340 3830 381 3897 coi
402 3824 478 3896 καθ’
504 3825 580 3897 ὅλου
601 3829 662 3915 μὲν
689 3833 791 3897 ταῦτα
821 3829 899 3918 περὶ
923 3827 1073 3918 Λιβύης·
1106 3830 1149 3897 τὰ
1170 3825 1245 3898 καθ’
1270 3829 1392 3898 ἕκαστα

341 3941 378 4008 δὲ
408 3939 552 4024 λεκτέον,
583 3936 775 4030 ἀρχομένοις
810 3935 878 4008 ἀπὸ
915 3947 979 4008 τῶν
1008 3939 1170 4032 ἑσπερίων
1201 3947 1307 4032 μερῶν
1335 3945 1393 4010 καὶ
1452 3997 1456 4006 .

342 4053 406 4124 τῶν
427 4051 702 4144 ἐπιφανεστέρων.
745 4054 856 4120 Nonne
878 4055 958 4122 haec
973 4056 1095 4137 Vogelii
1109 4058 1285 4123 sententiae
1300 4057 1393 4139 plane
