3292 5006
631 409 842 475 „89-

218 577 355 660 praebet.
411 579 474 658 Qui
503 598 574 645 curn
597 580 697 645 XVII.
730 581 813 660 1,5
841 601 873 663 p.
891 581 951 646 788
975 580 1009 647 0.
1039 585 1164 648 statuat
1194 581 1271 647 litus

219 690 355 773 Aegypti
368 709 436 757 esse
449 692 492 772 id,
506 698 659 773 qnantum
671 697 829 756 terrarum
841 691 925 758 iacet
936 692 977 758 ab
990 711 1044 759 ore
1054 693 1217 760 Pelusiaco
1230 695 1273 760 ad

216 801 471 878 Catabathmum,
494 804 527 869 id
544 803 629 869 3620
643 809 683 868 st.
701 804 827 886 longum
851 822 921 870 esse
936 804 1026 883 dicit,
1051 823 1135 887 quae
1150 823 1273 869 summa

217 911 353 979 efficitur
375 915 509 995 singulis
524 914 701 980 intervallis
723 916 895 980 secundum
911 917 1148 981 Artemidorum
1172 915 1268 981 editis

218 1025 317 1091 XVII.
336 1027 362 1105 1,
385 1025 420 1107 6;
445 1027 474 1107 l,
498 1027 553 1105 173
578 1025 674 1105 1,14.
719 1026 761 1091 Et
775 1025 987 1106 intervalium,
1010 1027 1095 1108 quod
1119 1033 1170 1093 est
1186 1027 1272 1091 inter

218 1136 339 1218 Syenen
379 1138 421 1202 od
448 1136 597 1202 minorem
637 1143 831 1203 cataractam
865 1138 960 1202 sitam
998 1145 1030 1202 et
1065 1157 1152 1203 mare
1186 1145 1220 1202 et
1253 1157 1273 1202 a

218 1247 373 1314 Strabone
384 1249 557 1314 secundum
569 1248 813 1314 Eratosthenem
825 1255 857 1312 et
869 1249 909 1314 ab
921 1249 1122 1315 Artemidoro
1134 1248 1221 1317 5300
1231 1254 1272 1314 st.

218 1360 350 1441 longum
374 1377 442 1425 esse
465 1359 625 1441 colligitur
647 1359 696 1440 (fr.
712 1357 776 1438 90).

303 1471 373 1535 Hoc
395 1470 493 1554 igitur
515 1489 613 1535 unum
634 1471 837 1552 perspicuum
861 1476 911 1535 est
933 1470 1120 1537 Strabonem
1143 1477 1176 1537 et
1198 1471 1274 1537 Dio·

219 1585 332 1647 dorum
362 1582 393 1647 in
427 1582 478 1647 his
509 1582 655 1665 partibus
686 1581 825 1648 fontibus
855 1583 940 1648 inter
970 1601 1004 1648 se
1034 1583 1171 1649 diversis
1202 1601 1274 1649 usos

221 1713 297 1760 esse.
344 1695 457 1775 ltaque
479 1713 550 1760 cum
573 1693 636 1760 alia
659 1699 848 1776 argumenta
871 1694 1001 1760 maioris
1025 1696 1177 1759 momenti
1198 1695 1275 1760 huc-

223 1825 323 1888 usque
356 1823 415 1870 non
453 1807 625 1884 accedant,
661 1807 743 1871 hanc
775 1824 900 1888 quoque
932 1806 1166 1888 quaestionem,
1204 1813 1275 1873 nter

222 1919 374 1999 scriptor,
405 1916 628 1982 Artemidorus
659 1936 699 1982 an
733 1916 1007 1998 Agatharchides
1040 1918 1071 1982 in
1102 1917 1187 1983 fossa
1221 1919 1275 1983 de-

225 2028 393 2095 scribenda
415 2029 442 2094 I.
465 2029 507 2094 33
537 2028 667 2093 Diodori
699 2035 812 2095 auctor
841 2026 957 2108 fuerit,
988 2029 1021 2093 in
1054 2029 1158 2094 medio
1181 2027 1274 2093 relin-

222 2145 405 2223 quamus1).
451 2140 514 2206 Sed
537 2143 611 2205 utut
625 2145 683 2222 est,
706 2140 875 2206 Strabonis
897 2139 1016 2206 fontem
1035 2139 1273 2205 Artemidorum

126 2237 130 2244 ⁴
221 2253 318 2319 fnisse
342 2257 474 2318 constat.

306 2363 497 2444 Priusquam
520 2366 629 2429 autem
651 2382 798 2445 pergam,
828 2363 944 2429 iterum
966 2362 1044 2427 milri
1066 2364 1273 2446 pugnandum

224 2479 270 2540 est
299 2480 411 2541 contra
441 2474 624 2555 Eversium,
656 2475 709 2556 qni
739 2474 760 2538 l.
782 2474 802 2538 l.
836 2494 866 2555 p.
884 2476 923 2539 17
953 2474 1077 2539 obtinet
1106 2495 1163 2555 ea,
1193 2494 1276 2559 quae

224 2587 315 2651 Diod.
333 2586 357 2650 Ι.
380 2587 433 2667 31,
455 2585 475 2649 6
507 2585 547 2649 de
577 2585 775 2668 longitudine
798 2586 937 2669 Aegypti
966 2586 1127 2668 proferat,
1159 2586 1277 2651 hausta

223 2717 289 2762 csse
322 2716 361 2761 ex
383 2696 595 2766 Artemidoro.
639 2697 740 2774 Quam
775 2715 842 2761 rem
876 2698 949 2762 inde
983 2698 1159 2778 concludit,
1191 2699 1276 2781 quod

224 2809 380 2874 Diodorus
395 2809 415 2875 l.
429 2808 450 2873 l.
460 2809 593 2889 perinde
608 2815 705 2891 atque
718 2809 936 2874 Artemidorus
949 2810 1129 2892 Aegyptum
1141 2809 1225 2875 6000
1234 2815 1275 2875 st.

223 2921 349 3002 longam
372 2938 443 2985 esse
465 2926 589 3000 narret;
623 2926 792 3002 praeterea
823 2921 902 2986 dicit
925 2921 1097 2986 Diodorum
1128 2927 1161 2986 et
1182 2921 1275 2985 Arte-

208 3033 381 3097 midorum
396 3031 567 3097 schoenum
590 3033 730 3113 spatium
746 3031 789 3102 30
806 3037 846 3096 st.
870 3035 993 3113 putare.
1038 3032 1126 3109 Quae
1148 3033 1276 3113 quidem

225 3143 328 3208 omnia
360 3149 527 3225 peraptum
565 3160 673 3208 ansam
705 3143 860 3223 praebent
890 3144 1150 3225 reprehendendi.
1205 3143 1276 3208 Pri-

226 3275 309 3320 mum
350 3255 433 3319 enim
469 3255 641 3319 secundum
681 3255 920 3320 Artemidorum
959 3261 993 3320 et
1031 3253 1277 3320 Eratosthenem

225 3369 389 3450 Aegyptus
420 3384 480 3430 non
511 3365 595 3433 6000
617 3372 657 3430 st.
687 3366 744 3431 sed
774 3365 860 3432 5300
882 3373 922 3430 st.
952 3365 1047 3448 longa
1079 3371 1136 3431 est.
1181 3365 1278 3431 Prae-

225 3485 312 3544 terea
334 3496 373 3543 ne
395 3482 463 3541 tum
486 3478 613 3560 quidem
636 3477 691 3542 illa
713 3477 799 3544 6000
821 3482 860 3542 st.
883 3478 1090 3558 assequimur,
1113 3478 1140 3543 si
1162 3475 1201 3542 fr.
1223 3476 1276 3543 89.

224 3589 421 3655 Artemidori
444 3589 589 3654 adhibito
620 3589 849 3682 longitudinem
880 3589 974 3654 huius
997 3595 1103 3654 terrae
1126 3589 1172 3655 ita
1195 3607 1277 3654 corn·

225 3725 382 3800 putemne,
404 3723 440 3782 ut
462 3737 482 3782 a
503 3716 604 3782 Philis
625 3719 668 3782 ad
690 3717 818 3782 Deltam
840 3703 900 3784 00
919 3738 950 3800 p.
965 3747 1008 3770 =
1023 3717 1109 3784 4800
1130 3723 1180 3798 st,
1203 3717 1278 3784 inde

224 3831 264 3893 ad
282 3849 371 3895 mare
387 3830 450 3894 750
465 3835 505 3894 st.
522 3828 715 3912 colligamus,
738 3848 811 3895 cum
826 3830 873 3894 ita
895 3829 981 3895 5550
996 3836 1035 3894 st.
1055 3834 1181 3894 tantum
1205 3827 1274 3894 effi-

313 3971 342 4048 l)
365 3970 422 4030 Sed
456 3989 527 4029 mox
558 3989 622 4028 eam
646 3969 850 4049 quaestionem
880 3969 1109 4046 profligatorum
1136 3988 1184 4028 mo
1214 3989 1278 4030 osso

227 4077 322 4136 sporo.
