3300 5018
818 378 1029 476 ξω*

398 583 515 650 dicitur
547 586 658 648 nostro
692 578 762 647 loco
792 581 888 646 Bruti
911 583 1038 648 nomine
1071 580 1198 663 omisso,
1229 597 1344 661 magna
1378 599 1450 646 cum

399 679 627 776 probabilitate
649 711 756 759 omnes
788 693 884 759 huius
912 692 986 759 libri
1007 699 1133 774 partes,
1163 694 1196 756 in
1226 691 1341 774 quibus
1364 691 1451 756 illius

397 806 516 871 mentio
539 810 605 888 est,
628 807 775 870 derivare
795 805 871 870 licet
893 824 911 869 e
931 803 1072 886 Polybio,
1096 806 1180 869 unde
1202 802 1255 868 hic
1276 803 1366 869 locus
1389 803 1451 866 ori·

398 918 503 1001 ginem
525 917 633 998 duxit,
665 917 727 981 nisi
750 916 948 998 gravioribus
975 915 1170 997 argumentis
1200 919 1233 980 et
1261 915 1387 979 indiciis
1409 913 1451 977 ad

399 1027 495 1093 aliam
518 1028 709 1094 sententiam
732 1028 928 1093 adducimur.
974 1028 1067 1105 Quod
1098 1047 1154 1093 cur
1175 1024 1310 1109 Vogelio
1332 1023 1389 1089 Ph.
1412 1025 1450 1088 A.

399 1139 578 1222 displiceat,
603 1158 666 1204 non
689 1137 858 1221 perspicio.
1315 1215 1320 1228 .

487 1251 591 1316 Venio
614 1270 696 1316 nunc
719 1250 918 1316 adulteram
945 1251 1086 1316 eiusdem
1114 1248 1310 1332 paragraphi
1326 1250 1452 1329 partem

401 1354 590 1448 σοφώτατοι
614 1353 649 1424 δ’
674 1355 881 1440 ἐξετάζονται
912 1363 955 1425 ad
976 1353 1021 1438 ὥς
1043 1381 1153 1447 φασιν,
1184 1380 1278 1443 quam
1301 1360 1452 1424 Zimmer-

401 1492 496 1538 mann
519 1493 550 1555 p.
573 1473 636 1538 338
662 1471 785 1537 collatis
815 1473 920 1538 verbis
951 1491 976 1538 c.
1000 1475 1030 1555 2,
1056 1472 1095 1539 15
1126 1492 1157 1554 p.
1183 1469 1242 1537 151
1267 1471 1307 1537 O:
1345 1471 1392 1557 Τῇ
1417 1465 1454 1532 δὲ

400 1584 459 1670 τῆς
479 1576 588 1668 χώρας
609 1575 800 1668 εὐδαιμονίᾳ
828 1579 885 1646 καὶ
915 1580 953 1647 τὸ
982 1575 1099 1670 ἥμερον
1133 1578 1189 1646 καὶ
1220 1579 1259 1646 τὸ
1281 1576 1454 1646 πολιτικὸν

404 1688 668 1780 συνηκολούθησε
689 1695 761 1770 τοῖς
787 1692 1025 1780 Τουρδητανοῖς
1040 1743 1048 1756 .
1066 1742 1098 1757 ..
1126 1687 1170 1770 ὡς
1193 1685 1227 1757 δ’
1252 1685 1358 1778 εἴρηκε
1380 1695 1454 1754 Πο-

402 1798 530 1888 λύβιος.
546 1855 575 1870 ..
605 1806 738 1890 Polybio
754 1805 878 1871 tribuit.
911 1807 974 1872 Sed
989 1805 1222 1874 adsentientem
1236 1824 1287 1870 me
1302 1804 1455 1868 Zimmer·

402 1937 519 1982 manno
531 1918 661 1984 Curtius
682 1917 896 1999 Wachsmuth,
913 1909 1102 1998 praeceptor
1118 1907 1363 1996 illustrissimus,
1380 1914 1454 1979 edo-

404 2030 471 2094 cuit
482 2030 516 2094 id
532 2029 635 2096 solum
654 2050 694 2097 ex
715 2029 775 2095 hoc
788 2027 954 2094 Strabonis
972 2027 1042 2093 loco
1058 2027 1203 2093 concludi
1214 2045 1319 2109 posse,
1342 2044 1456 2091 secun·

405 2141 481 2204 dum
506 2140 672 2224 Polybium
695 2140 833 2207 Celticos
856 2143 1009 2223 cognatos
1031 2157 1103 2204 esse
1124 2137 1328 2219 Turdetania,
1351 2137 1457 2202 locum

407 2271 483 2318 vero
507 2253 554 2318 ita
576 2272 646 2319 esse
669 2257 898 2334 comparatum,
921 2255 958 2315 ut
980 2269 1105 2317 sumere
1127 2249 1233 2331 liceat,
1257 2247 1455 2328 Strabonem,

406 2382 470 2427 non
485 2362 652 2446 Polybium
665 2367 770 2446 ipsum
782 2363 969 2445 inspexisse,
993 2363 1050 2428 sed
1066 2380 1138 2426 eum
1156 2361 1187 2426 in
1205 2360 1295 2426 fonte
1317 2380 1375 2426 suo
1390 2378 1456 2425 me-

406 2479 565 2540 moratum
588 2476 754 2542 invenisse.
798 2474 887 2540 Nihil
908 2475 1008 2554 igitur
1029 2473 1104 2539 inde
1127 2472 1226 2537 auxili
1250 2469 1341 2536 nobis
1364 2469 1456 2535 affer-

406 2590 461 2650 tur
483 2586 524 2650 ad
547 2589 721 2654 eruendum
743 2592 921 2665 auctorem,
953 2585 1004 2650 cui
1034 2603 1059 2650 c.
1085 2585 1113 2664 1,
1136 2582 1156 2647 6
1178 2583 1275 2649 verba
1296 2583 1379 2648 lecta
1402 2582 1457 2646 de-

406 2697 550 2763 beantur.
594 2701 642 2763 Ac
662 2697 763 2779 uobis,
786 2697 841 2780 qni
863 2696 958 2761 aliam
980 2696 1065 2760 riam
1086 2695 1211 2777 ingredi
1234 2692 1401 2787 debemur,
1423 2693 1458 2756 id

408 2811 598 2890 praesertim
620 2809 854 2890 respiciendum
886 2812 935 2873 est
965 2827 1002 2873 ex
1033 2807 1134 2888 ipsius
1158 2805 1323 2874 Strabonis
1351 2803 1458 2870 verbis

408 2921 533 2986 elucere
548 2940 630 3000 eum,
646 2920 702 3002 qui
717 2938 755 2984 ea
770 2919 960 3001 exhibuerit,
975 2918 1205 3001 peritissimum
1219 2915 1319 2984 fuisse
1334 2934 1458 2981 morum

409 3031 505 3097 huius
519 3031 639 3114 populi.
683 3031 784 3109 Quem
800 3035 908 3098 autem
923 3031 1030 3113 potius
1052 3027 1269 3095 describendi
1291 3033 1362 3092 arte
1376 3025 1458 3091 Tur-

409 3145 598 3210 detanorum
626 3142 767 3208 locutum
800 3161 871 3209 esse
899 3146 1049 3223 putemus
1078 3159 1172 3223 quam
1203 3140 1258 3222 qui
1287 3138 1374 3203 illam
1403 3153 1459 3202 eos

409 3255 528 3335 docuit,
552 3253 797 3342 Asclepiadem?
820 3249 874 3318 cir.
890 3271 915 3320 c.
932 3253 962 3334 4,
979 3251 999 3316 3
1020 3272 1050 3334 p.
1069 3251 1127 3318 157
1146 3250 1186 3316 C:
1212 3242 1460 3334 Ἀσκληπιάδης

410 3358 429 3428 ὁ
446 3360 647 3449 Μυρλεανός,
671 3357 749 3450 ἀνὴρ
765 3359 799 3426 ἐν
813 3365 852 3450 τῇ
871 3357 1093 3449 Τοορόητανίᾳ
1108 3357 1290 3436 παιδεύσας
1303 3354 1343 3423 col
1358 3377 1460 3444 γραμ-

409 3474 533 3559 ματικοὶ
564 3472 619 3540 καὶ
642 3469 831 3562 περιήγηοίν
860 3497 933 3538 τινα
960 3476 1024 3538 coir
1046 3469 1155 3537 ἐθνῶν
1186 3467 1374 3544 ἐκδεδωκώς
1396 3471 1460 3532 τῶν

410 3582 519 3673 ταύτῃ,
553 3606 578 3653 c.
601 3588 639 3670 2,
664 3589 704 3655 15
725 3605 756 3668 p.
783 3586 840 3652 151
866 3585 899 3652 C.
931 3589 1053 3667 autem,
1084 3603 1155 3651 cum
1184 3585 1230 3650 ibi
1259 3580 1461 3647 Turdetanos

412 3718 517 3764 mores
540 3717 615 3764 suos
637 3700 680 3763 ad
701 3698 860 3763 Romanos
879 3698 1133 3763 accommodasse
1155 3698 1314 3774 nametur,
1338 3693 1461 3758 auctori

413 3810 601 3874 recentioris
623 3809 740 3875 aetatis
763 3809 984 3876 attribuamus
1511 3885 1515 3893 ι

499 3919 587 3997 Quae
609 3925 786 4003 sequuntur
806 3919 904 3986 verba
925 3916 981 3983 καὶ
1010 3913 1040 3984 oi
1065 3913 1158 3982 iiiior
1187 3921 1230 3984 ad
1251 3910 1377 4004 γλώττῃ
1400 3913 1462 4003 μιᾷ

413 4033 643 4102 Zimmermann
674 4033 877 4099 Artemidoro
913 4031 1037 4116 reddit,
1075 4028 1192 4094 iniuria
1222 4030 1352 4112 opinor3
1388 4045 1462 4098 nam
