3300 5018
771 409 983 515 ..15¹-

348 622 418 684 tum
439 617 614 700 Hispaniae
645 637 816 700 earumque
837 637 954 702 mores,
985 639 1046 687 nou
1077 619 1119 685 ad
1150 620 1249 687 situm
1280 625 1313 687 et
1344 641 1401 687 na·

350 736 455 796 turam
478 731 642 812 regionum
665 731 866 814 respiciebat.

436 842 573 908 Restant
594 843 710 924 igitur,
732 842 775 907 ad
797 860 875 924 quos
898 841 1133 924 confugiamus,
1161 844 1225 910 duo
1246 850 1402 921 auctores

350 953 572 1019 Artemidorus
605 957 637 1018 et
671 953 875 1036 Posidonius,
917 973 1050 1036 quorum
1090 955 1136 1020 ilii
1168 955 1400 1021 Zimmermanu

349 1063 370 1129 l.
393 1064 413 1129 l.
436 1064 689 1131 adsentientibus
712 1065 749 1130 R.
772 1064 932 1131 Hansenio
945 1066 974 1148 ¹)
997 1072 1031 1132 et
1046 1066 1221 1150 Voge1102)
1244 1066 1402 1149 periplum

350 1175 526 1258 Hispaniae
548 1177 707 1242 attribuit.

436 1287 609 1354 Videamus
637 1307 720 1354 nunc
742 1293 1019 1370 argumentorum,
1052 1289 1166 1372 quibus
1198 1289 1252 1356 ille
1275 1295 1402 1357 seuten-

351 1400 430 1465 tiam
461 1399 663 1482 comprobare
701 1400 841 1479 studuit,
879 1399 973 1483 quale
1002 1419 1160 1484 quamque
1200 1402 1318 1468 iustum
1359 1403 1401 1468 sit

351 1512 606 1593 unumquodque.

440 1623 487 1687 Ac
517 1621 654 1703 primum
685 1623 812 1703 quidem
844 1623 912 1703 agit
943 1624 983 1687 de
1014 1625 1113 1689 exteri
1144 1624 1242 1689 maris
1272 1625 1404 1708 periplo,

352 1735 407 1815 qui
430 1734 608 1798 continetur
639 1735 744 1816 capite
774 1732 876 1814 primo
905 1740 939 1799 et
969 1735 1071 1799 tertio.
1115 1727 1331 1801 Proficiscitur
1362 1737 1402 1801 ab

353 1865 378 1912 c.
396 1848 424 1922 1,
446 1846 468 1909 4
489 1865 519 1927 p.
537 1845 598 1910 138
623 1844 656 1911 0.
679 1863 785 1926 quam,
808 1863 878 1909 cum
901 1844 934 1909 iu
957 1845 1062 1910 media
1084 1847 1287 1928 paragrapho
1308 1848 1403 1913 Arte·

352 1958 493 2022 midorus
523 1957 685 2036 laudetur,
716 1960 817 2020 totam
847 1957 875 2020 ei
908 1956 1025 2040 reddit.
1075 1956 1165 2032 Quod
1197 1976 1293 2038 quam
1324 1957 1403 2023 falso

353 2070 472 2135 dictum
505 2075 590 2134 esset
625 2068 665 2132 de
702 2068 805 2148 primo
834 2067 1031 2150 paragraphi
1059 2069 1241 2149 emundato,
1271 2071 1334 2136 iam
1365 2071 1402 2134 R.

353 2180 480 2245 Hansen
500 2180 519 2244 l.
537 2179 553 2243 1,
572 2199 603 2260 p.
620 2178 702 2244 1005
718 2183 750 2242 et
766 2178 904 2244 HaebIer
918 2176 938 2242 l.
954 2178 974 2244 l.
990 2198 1020 2260 p.
1035 2178 1075 2244 15
1092 2179 1402 2261 demonstraveruut3

354 2291 462 2372 itaquo
485 2291 675 2372 supersedeo
693 2309 759 2355 rem
774 2291 878 2355 denuo
898 2293 1047 2356 tractare.
1087 2289 1149 2356 Sed
1173 2311 1213 2357 ne
1234 2292 1313 2360 haec
1335 2294 1404 2376 qui·

354 2405 426 2468 dem
457 2401 554 2468 verba
587 2403 784 2487 περατοῦται
813 2399 874 2485 μὲν
906 2397 966 2488 γὰρ
1001 2403 1043 2468 ad
1076 2400 1114 2467 τὸ
1147 2401 1264 2482 λεχθὲν
1294 2396 1402 2490 ἄκρω-

355 2509 464 2601 τήριον
486 2515 560 2579 inde
582 2513 684 2594 petita
702 2520 786 2578 sunt.
831 2511 922 2589 Quod
946 2513 1029 2579 hunc
1050 2515 1083 2578 in
1106 2514 1233 2579 modum
1250 2514 1401 2578 Zimmcr·

356 2645 451 2691 mann
474 2624 831 2706 comprobarecouatus
853 2629 910 2690 est.
956 2626 1083 2707 Optime
1107 2624 1189 2690 enim
1211 2623 1403 2705 conspirant,

357 2757 438 2822 quae
460 2745 568 2803 nostro
599 2735 668 2802 loco
691 2737 857 2818 leguntur,
879 2736 1067 2819 Hispaniam
1092 2735 1176 2801 1500
1197 2739 1237 2800 st.
1268 2734 1404 2816 amplius

356 2851 398 2915 ad
429 2867 574 2914 occasum
605 2867 811 2929 prorumpere
841 2868 935 2930 qnam
960 2848 1102 2931 Libyam,
1135 2865 1205 2912 cum
1236 2847 1292 2927 iis,
1323 2864 1405 2928 quae

357 2961 471 3026 Strabo
485 2960 585 3024 XVII.
608 2961 637 3039 3,
660 2961 680 3024 2
703 2980 734 3042 p.
749 2960 812 3025 825
828 2959 861 3026 0.
885 2965 1005 3039 narrat,
1027 2959 1067 3025 ab
1090 2958 1168 3024 urbe
1183 2957 1303 3039 Libyae
1326 2960 1404 3026 Lixo

357 3073 466 3137 eodem
497 3090 533 3136 ac
556 3071 663 3139 Gades
694 3072 868 3138 meridiano
891 3072 955 3138 sita
977 3072 1019 3136 ad
1045 3088 1190 3136 occasum
1220 3088 1406 3151 procurrere

355 3183 610 3266 promunturium
641 3183 751 3263 Cotes,
780 3183 807 3247 si
838 3185 1010 3250 secundum
1043 3182 1278 3247 Artemidomm
1307 3183 1405 3265 (apud

358 3295 463 3360 Strab.
486 3295 545 3360 III.
568 3296 604 3377 2,
630 3298 666 3360 11
691 3315 721 3376 p.
749 3294 809 3360 148
833 3295 881 3376 0.)
904 3292 1106 3360 intervallum
1130 3293 1212 3358 inter
1235 3292 1342 3359 Gades
1373 3300 1407 3360 et

358 3407 614 3488 promunturium
638 3406 768 3471 Sacrum
793 3406 877 3472 1700
899 3409 939 3470 st.
969 3404 1098 3486 longum
1128 3423 1197 3471 esse
1226 3405 1406 3470 statuimus.

358 3519 407 3584 Ea
428 3518 527 3598 igitur
548 3517 588 3582 de
618 3535 729 3598 causa,
759 3519 843 3600 quod
866 3536 1013 3583 mensura
1044 3535 1069 3582 c.
1094 3515 1407 3596 1411151515-

358 3629 460 3695 bibito
482 3628 536 3694 ilio
553 3629 718 3696 Strabonis
739 3628 808 3696 loco
830 3627 930 3693 XVII.
947 3629 978 3709 3,
1000 3629 1021 3692 2
1044 3649 1075 3711 p.
1091 3628 1155 3695 825
1170 3627 1204 3693 G.
1228 3647 1299 3695 cum
1315 3629 1408 3693 Arte·

359 3741 474 3806 midori
496 3741 661 3823 consentit,
684 3741 916 3807 Zimmermann
940 3740 1176 3806 Artemidorum
1199 3757 1267 3805 esse
1289 3738 1408 3804 fontem

452 3984 623 4070 r)‘1’hilol.
646 3986 836 4052 Rundschau'
862 3995 954 4060 1884,
978 3998 1006 4066 4,
1031 3997 1081 4066 35,
1107 3995 1199 4051 1095.

448 4079 479 4164 2)
495 4070 621 4140 ‘Philoi
644 4072 802 4154 Anzoiger’
828 4082 918 4154 1884,
943 4083 1013 4138 383.

105 4790 539 4990 Γ
