3292 5006
799 385 1012 452 ,88-

383 550 509 636 qara
525 607 532 621 .
549 606 581 621 ..
604 549 797 639 taquamq-
818 555 878 619 su.
895 513 979 620 xvi.
1003 555 1033 634 4,
1057 557 1097 619 rr
1116 575 1146 636 p.
1164 554 1227 620 rra
1250 555 1292 619 m.
1308 554 1349 620 c:
1374 545 1431 618 or

384 661 680 745 dehonestans:
703 667 795 732 Diod.
817 667 876 732 III.
900 668 952 748 32,
974 667 1011 732 3:
1035 658 1104 730 ἀπό
1126 689 1214 743 τινος
1237 662 1368 743 ἄνθους.

468 780 589 856 Quibus
605 779 756 859 exemplis
778 796 849 843 cum
870 778 949 843 satis
972 778 1050 842 mihi
1066 779 1300 842 demonstrasse
1322 779 1435 843 videar

383 892 556 956 Diodorum
590 896 623 956 et
656 890 842 955 Strabonem
875 889 1059 970 saepissime
1102 890 1229 955 easdem
1266 889 1435 969 dictiones
1522 905 1524 908 ·

383 1003 493 1068 eadem
516 1002 613 1068 verba
628 1001 791 1079 adhibere,
814 1000 896 1065 hanc
918 1018 983 1064 rem
1007 1019 1066 1065 non
1084 1001 1227 1082 pluribus
1250 1019 1435 1082 persequar.

383 1115 429 1177 Ac
450 1113 552 1195 primo
574 1112 689 1178 obtutu
712 1117 920 1192 omnesputo
943 1112 1179 1178 existimaturos
1205 1130 1285 1192 esse,
1308 1119 1434 1177 utrum-

382 1244 442 1306 que
465 1225 505 1288 ad
529 1225 664 1290 eundem
687 1223 873 1305 scriptorem
905 1242 938 1288 se
961 1223 1146 1304 applicasse.
1193 1224 1344 1288 Attamen
1368 1242 1436 1288 cer-

383 1337 541 1401 tissimum
563 1341 629 1414 est,
651 1335 825 1399 Diodorum
849 1334 1141 1416 Agatharchidem,
1165 1333 1350 1399 Strabonem
1375 1334 1437 1398 Ar·

300 1525 303 1532 ,
384 1448 573 1514 temidorum
604 1446 795 1512 adhibuisse.
839 1447 927 1524 Quae
958 1464 1027 1511 cum
1061 1445 1107 1510 ita
1137 1446 1218 1524 sint,
1247 1463 1437 1528 persuasum

383 1559 484 1624 habeo
506 1577 544 1624 ex
566 1559 623 1624 tali
646 1575 807 1636 consensu,
829 1557 955 1639 qualem
978 1557 1061 1622 inter
1084 1557 1190 1622 Strab.
1214 1557 1315 1623 XVII.
1341 1561 1370 1638 1,
1394 1557 1437 1622 25

383 1689 414 1750 p.
430 1671 493 1735 804
516 1670 549 1736 (l.
573 1681 605 1734 et
628 1668 720 1733 Diod.
742 1667 767 1733 1.
790 1668 840 1748 33,
864 1669 970 1733 8-12
1001 1667 1166 1747 videmus,
1197 1676 1368 1749 utrumque
1398 1688 1439 1733 ex

382 1783 492 1846 eodem
515 1780 600 1846 lonte
622 1778 767 1844 hausisse
790 1798 850 1844 non
873 1779 969 1845 licere
992 1779 1147 1858 concludi,
1170 1797 1242 1844 cum
1264 1779 1438 1846 Strabone

382 1868 504 1956 xiil
525 1892 653 1974 quidem
677 1910 739 1954 una
762 1908 831 1955 cum
856 1889 995 1955 Diodoro
1018 1891 1152 1956 eundem
1172 1891 1359 1972 scriptorem
1384 1911 1438 1956 ex-

384 2003 546 2085 cerpserit.
591 2003 661 2066 Hac
676 2001 759 2066 enim
782 2020 816 2065 re
831 2020 1003 2079 monemur,
1027 2020 1065 2065 ue
1080 2020 1192 2082 parum
1210 2008 1302 2066 caute
1321 2004 1439 2082 omnia,

385 2133 466 2197 quae
489 2115 519 2178 in
543 2113 593 2178 his
615 2112 706 2178 libris
729 2118 914 2192 congruunt,
945 2113 1030 2193 apud
1054 2118 1225 2195 utrumque
1247 2113 1436 2194 scriptorem

384 2225 585 2292 Artemidoro
607 2225 830 2290 attribuamus.
876 2223 958 2289 Loco
974 2223 1105 2289 Diodori
1128 2225 1191 2288 iam
1214 2225 1439 2305 supracitato

382 2339 438 2404 Ill.
464 2338 513 2416 11,
536 2336 556 2400 2
579 2336 723 2400 videmus
746 2334 1018 2415 Agatharchidem
1047 2340 1080 2400 et
1101 2337 1339 2401 Artemidorum
1371 2337 1441 2401 fere

383 2468 507 2530 semper
522 2448 606 2512 idem
622 2447 802 2526 tradidisse,
817 2446 926 2526 itaque
942 2451 1090 2511 accurate
1105 2447 1210 2511 omnia
1226 2447 1441 2512 examinanda

383 2567 468 2641 sunt,
490 2560 675 2641 priusquam
699 2557 804 2639 aliquo
827 2557 895 2623 loco
918 2557 1001 2623 hunc
1022 2557 1072 2622 vel
1102 2557 1190 2622 illurn
1214 2558 1347 2624 Diodori
1370 2558 1441 2624 fon-

383 2678 448 2736 tem
472 2689 541 2736 esse
563 2676 752 2734 statuamus.
797 2669 868 2733 Huc
890 2667 1031 2749 accedit,
1061 2669 1145 2752 quod
1178 2670 1335 2735 nonnullis
1359 2671 1441 2740 locis

384 2784 415 2846 ln
449 2783 510 2847 hac
541 2781 681 2862 Aegypti
715 2779 938 2860 descriptionis
974 2786 1066 2860 parte
1101 2786 1186 2844 certo
1224 2783 1441 2848 demonstrari

384 2900 500 2975 potest,
524 2910 583 2956 nou
607 2887 854 2968 Artemidorum,
878 2891 935 2957 sed
958 2890 1055 2956 alium
1078 2892 1236 2973 quendam
1259 2913 1279 2956 a
1299 2893 1442 2959 Diodoro

384 3004 563 3069 adhibitum
581 3021 659 3068 esse.
696 3001 778 3067 Nam
799 3002 824 3066 I.
841 3001 882 3066 32
902 3002 1066 3068 contendit
1079 3002 1238 3069 Diodorus
1247 3002 1357 3069 Nilum
1379 3004 1440 3070 flu·

387 3115 471 3179 vium
502 3113 703 3178 amentibus
725 3113 923 3194 Aethiopicis
944 3115 984 3177 ad
1007 3132 1095 3178 mare
1127 3111 1184 3177 σὺν
1208 3103 1262 3190 αἷς
1291 3119 1443 3182 ποιεῖται

384 3227 536 3310 καμπαῖς
558 3243 722 3307 permeare
745 3225 884 3306 spatium
910 3225 1015 3291 12000
1037 3232 1086 3304 st,
1115 3225 1199 3308 quod
1232 3226 1324 3308 longe
1348 3229 1442 3294 abest

386 3341 426 3402 ab
459 3337 654 3403 Artemidori
685 3336 858 3416 sententia,
892 3337 946 3418 qui
980 3334 1019 3401 f.
1042 3336 1085 3401 90
1117 3337 1202 3402 idem
1232 3337 1441 3405 intervallum

388 3448 492 3514 18200
514 3448 620 3513 stadia
651 3447 779 3527 longum
808 3465 876 3512 esse
906 3449 1100 3528 pronuntiat.
1145 3449 1255 3532 Neque
1287 3450 1384 3516 aliter
1407 3470 1443 3518 se

385 3561 520 3640 hahent,
554 3578 636 3641 quae
667 3559 758 3624 Diod.
782 3559 807 3624 Ι.
830 3559 870 3625 31
904 3561 944 3625 de
975 3560 1146 3625 latitudine
1177 3567 1209 3627 et
1239 3561 1444 3642 longitudine

387 3672 487 3736 totius
506 3670 644 3752 Aegypti
666 3668 796 3753 profert.
840 3669 927 3736 Dicit
949 3671 1033 3748 enim
1056 3691 1126 3736 eam
1141 3672 1279 3753 Aegypti
1303 3655 1443 3757 partem,

387 3799 468 3863 quae
484 3782 524 3845 ad
541 3800 627 3846 mare
642 3771 909 3846 mediterraneum
926 3783 1039 3864 vergit,
1061 3782 1188 3862 longam
1204 3801 1272 3848 esse
1288 3784 1377 3851 2000
1392 3793 1444 3865 st,

387 3895 428 3957 ad
451 3894 616 3959 meridiem
638 3901 745 3957 autem
769 3895 950 3975 Aegyptum
975 3893 1061 3961 6000
1083 3900 1122 3958 st.
1146 3893 1300 3976 refugere.
1347 3896 1445 3973 Quod

388 4004 549 4071 conciliari
573 4023 632 4070 non
655 4009 763 4090 potest
786 4023 856 4070 cum
887 4005 936 4087 iis,
966 4024 1049 4091 quae
1071 4006 1185 4073 Strabo
1208 4007 1248 4072 de
1271 4009 1385 4075 eadem
1408 4031 1444 4077 re
