3300 5018
314 1355 515 1481 Strabonem
540 1419 571 1480 in
590 1415 818 1498 Geographicis
841 1417 1068 1500 componendis
1090 1437 1151 1490 non
1174 1417 1278 1504 solum

226 1529 267 1594 iis
288 1527 375 1606 locis,
405 1525 520 1610 quibus
551 1545 585 1592 se
615 1545 676 1592 non
709 1545 766 1592 sua
795 1528 851 1593 sed
873 1527 1003 1594 aliunde
1032 1529 1136 1609 petita
1153 1528 1275 1596 'referre

227 1637 366 1719 fatetur,
395 1639 571 1704 sedetiam
601 1644 768 1720 praeterea
796 1640 898 1706 multa
928 1658 1022 1722 saepe
1051 1646 1163 1706 mutua
1192 1659 1276 1706 surn-

225 1751 327 1833 psisse
342 1757 439 1832 atque
460 1750 597 1816 maxime
612 1769 650 1816 ex
666 1751 711 1815 iis
727 1750 919 1832 auctoribus,
942 1770 1075 1835 quorum
1097 1750 1278 1833 fragmenta

226 1870 351 1928 tanturn
374 1863 422 1935 ad
438 1867 578 1926 nostram
601 1866 740 1926 aetatem
772 1867 1001 1943 pervenerunt,
1031 1881 1103 1929 eum
1134 1863 1197 1928 iam
1220 1864 1276 1929 din

226 1972 423 2041 intellectum
447 1974 498 2052 sit,
523 1971 649 2038 minime
665 1973 845 2038 mirandum
867 1979 926 2052 est,
950 1973 1033 2055 quod
1054 1973 1194 2038 fontibus
1210 1975 1278 2039 eius

226 2085 417 2167 indagandis
448 2103 486 2150 ac
518 2083 814 2150 circumscribendis
844 2083 908 2149 iam
938 2083 1069 2166 plurimi
1099 2085 1160 2149 viri
1192 2085 1278 2150 docti

228 2215 357 2278 operam
375 2201 587 2261 navaverunt:
610 2195 725 2286 mirum
741 2201 847 2288 autem
871 2193 954 2261 forte
970 2196 1107 2275 videtur,
1129 2215 1185 2262 cur
1208 2214 1276 2278 ego,

229 2307 283 2388 qni
306 2310 476 2389 praeprue
499 2307 539 2370 de
561 2304 702 2371 lontibus
724 2325 743 2370 a
766 2305 920 2372 Strabone
943 2307 975 2372 in
1000 2306 1091 2372 libris
1112 2307 1171 2388 ΙΙΙ,
1193 2307 1277 2388 XVI,

227 2418 319 2484 XVII
350 2417 503 2483 adhibitis
532 2417 681 2482 nonnulla
710 2417 852 2499 proferre
882 2417 960 2483 mihi
983 2420 1217 2501 proposuerim,
1246 2419 1277 2483 in

227 2531 391 2596 materiem
424 2547 540 2610 magna
570 2548 607 2593 ex
637 2533 730 2611 parte
760 2530 823 2594 ianr
861 2536 936 2596 ante
966 2549 1017 2596 me
1048 2535 1277 2613 pertractatam

228 2640 342 2705 iterum
358 2640 524 2723 inanram.
569 2640 616 2705 De
632 2641 728 2707 tertio
744 2641 828 2707 enim
851 2647 885 2706 et
899 2641 1034 2723 septimo
1058 2643 1178 2708 decimo
1195 2641 1278 2707 libro

227 2752 291 2816 iam
335 2758 409 2817 ante
452 2771 502 2818 me
551 2759 687 2834 egerunt
730 2753 962 2818 Zimmermann
976 2756 1005 2836 l·)
1048 2759 1082 2819 et
1125 2753 1278 2836 Voge12).

229 2864 353 2944 Operae
376 2870 483 2928 autem
513 2864 651 2945 pretium
673 2864 785 2947 putavi
815 2864 897 2930 banc
920 2865 1135 2946 quaestionem
1158 2865 1279 2930 instan-

228 2994 317 3056 rare,
352 2980 385 3040 et
415 2975 490 3056 qnia
513 2993 591 3058 nego
614 2975 672 3040 hos
700 2976 784 3041 viros
807 2976 916 3042 doctos
939 2995 1063 3057 semper
1092 2977 1134 3040 ad
1157 2983 1278 3043 rectum

228 3086 322 3152 finem
352 3087 550 3168 pervenisse,
582 3094 614 3152 et
643 3090 728 3169 quod
758 3106 819 3152 non
849 3087 956 3152 omnia
977 3088 1278 3166 animadverterunt,

230 3217 362 3280 quorum
395 3199 524 3279 aliquod
558 3199 588 3262 in
612 3198 780 3264 iudicando
813 3204 1006 3264 momentum
1040 3203 1098 3264 est.
1144 3196 1277 3278 Saepius

230 3311 313 3375 enirn
342 3345 384 3355 —
416 3309 500 3390 quod
530 3308 699 3391 praecipue
730 3311 772 3374 ad
795 3309 962 3392 Vogelinm
993 3308 1104 3374 referri
1133 3307 1204 3374 volo
1226 3345 1278 3390 —-,

230 3440 311 3504 quae
332 3420 432 3486 firmis
454 3420 649 3502 argumentis
672 3421 844 3486 munienda
866 3426 959 3486 erant
981 3425 1014 3486 et
1029 3420 1145 3485 muniri
1167 3425 1279 3501 potue-

231 3539 315 3615 runt,
338 3554 376 3600 ea
405 3532 528 3598 levibus
550 3537 676 3597 tantum
706 3552 762 3600 nee
791 3534 871 3599 satis
901 3533 1024 3599 idoneis
1046 3532 1280 3610 stabiliverunt,

230 3649 268 3710 ut
299 3650 481 3724 susceptum
509 3663 624 3710 munus
655 3645 820 3712 incohasse
849 3645 951 3726 magis
985 3663 1087 3726 quam,
1111 3643 1280 3726 diligenter

230 3755 392 3839 peregisse
425 3758 618 3823 viderentur.
678 3758 770 3836 Quod
814 3757 968 3824 iudicium
1002 3755 1112 3821 solidis
1151 3754 1279 3836 quibus-

321 3923 352 4001 1)
377 3921 492 3987 Quibus
512 3921 686 3981 auctoribus
704 3922 811 3982 Strabo
838 3923 871 3980 in
895 3922 973 3980 libro
991 3921 1080 3980 tertio
1096 3919 1280 3996 Gcographi·

233 4029 334 4069 eorum
349 4007 566 4068 conscribendo
581 4027 652 4066 usus
669 4008 715 4081 sit,
733 4009 894 4088 quaeritur.
930 4007 1007 4066 Diss.
1023 4007 1138 4080 flav,
1157 4012 1227 4066 329.

321 4096 352 4176 2)
371 4085 532 4154 <Strabone
549 4094 677 4159 suellen
693 4097 742 4155 fiir
759 4095 810 4154 das
836 4095 883 4154 17.
895 4089 995 4154 Buoh’.
1019 4093 1133 4153 Philol'
1144 4099 1194 4166 43,
1210 4097 1281 4156 405.

1061 4201 1075 4259 1
