3292 5006
783 437 824 443 -
868 397 994 464 92:-

409 563 542 632 Strabo:
573 567 646 642 τοῖς
679 573 875 651 τριακονθη-
946 569 1053 635 Diod:
1118 565 1417 654 τριακονθημέρους

364 674 479 763 μέρους
509 672 636 742 δώδεκα
663 675 761 765 μησὶν
791 676 875 743 ε’πα-
903 678 963 764 μὲν
994 677 1165 764 τιθέμενοι
1194 676 1270 756 τοὺς
1304 679 1416 765 μῆνας,

366 784 488 872 γόντων
520 785 617 853 πέντε
653 783 775 876 ἡμέρας
806 783 874 854 κατ’
904 786 1002 855 πέντε
1026 784 1060 856 d’
1084 786 1205 876 ἡμέρας
1226 789 1281 855 καὶ
1303 789 1416 871 τέταρ-

364 895 510 965 ἐνιαυτὸν
548 896 702 964 ἕκαστον·
754 896 802 978 εἷς
839 900 876 966 δὲ
902 925 959 965 τον
980 877 1059 979 τοῖς.
1074 897 1200 966 δώδεκα
1213 899 1312 987 μησὶν
1333 896 1416 965 ἐπά-

363 1009 420 1097 τὴν
463 1006 667 1098 ἐκπλήρωσιν
708 1016 765 1078 τοῦ
801 1007 878 1080 ὅλου
907 1034 999 1095 γουσι
1020 1011 1077 1078 καὶ
1106 1007 1211 1098 τούτῳ
1233 1016 1280 1100 τῷ
1301 1007 1416 1099 τρόπῳ

364 1119 527 1202 ἐνιαυτοῦ,
558 1119 786 1208 ἐπιτρέχοντος
814 1148 876 1209 μο-
903 1122 961 1190 τὸν
986 1120 1148 1190 ἐνιαύσιον
1179 1117 1297 1188 κόιλον
1335 1116 1415 1187 ἀνα-

363 1228 434 1317 ρίου
459 1232 547 1311 τινός
568 1238 627 1322 τῆς
648 1230 778 1323 ἡμέρας,
812 1259 875 1300 πε·
903 1234 1092 1322 πληροῦσιν.

366 1339 478 1429 ρίοόόν
499 1369 572 1410 τινα
595 1344 816 1412 συντιθέασιν.

456 1459 544 1536 Quae
567 1461 607 1524 de
628 1459 715 1524 Iovis
738 1460 956 1528 sacerdotibus
977 1465 1160 1540 narrantur,
1190 1478 1228 1524 ea
1250 1459 1321 1525 ideo
1344 1477 1416 1524 cum

365 1569 497 1634 Eversio
527 1569 568 1634 ad
591 1571 725 1637 eundem
758 1571 864 1636 redire
886 1589 1015 1650 censeo,
1045 1572 1131 1654 quod
1153 1577 1223 1636 arte
1245 1571 1416 1637 cohaerent

363 1699 435 1744 cum
468 1682 746 1761 antecedentibus,
784 1700 844 1747 uon
876 1684 960 1763 quod
994 1683 1113 1765 optime
1145 1682 1310 1747 concinant
1342 1699 1413 1746 cum

364 1793 458 1858 Diod.
480 1793 507 1857 Ι.
529 1794 581 1875 47,
605 1794 633 1858 1.
678 1793 788 1877 Neque
810 1795 893 1860 enim
916 1795 976 1860 hoc
999 1794 1066 1858 loco
1097 1794 1232 1858 multum
1255 1792 1288 1858 id
1318 1793 1415 1859 valet.

364 1904 521 1985 Displicet
551 1913 678 1985 autem,
709 1907 794 1989 quod
825 1907 920 1971 etiarn
944 1925 992 1987 ea,
1021 1923 1104 1987 quae
1135 1911 1209 1970 ante
1240 1904 1416 1971 hocdrte-

363 2015 479 2081 midori
500 2015 714 2100 fragmentum
737 2017 886 2083 dicuntur
907 2018 946 2082 de
968 2015 1242 2098 inscriptionibus,
1265 2015 1415 2083 Straboni

364 2127 536 2193 abiudicat.
581 2128 664 2194 Nam
687 2127 875 2194 Strabonem
905 2130 1009 2208 ipsum
1031 2127 1145 2195 bacin
1167 2129 1295 2210 regione
1316 2127 1417 2194 luisse

364 2245 526 2304 testantur
547 2239 648 2321 ipsius
670 2240 768 2305 verba
790 2240 886 2322 paulo
908 2257 1005 2322 supra
1027 2240 1132 2305 edita:
1165 2231 1255 2322 κάγώ
1286 2237 1323 2304 δὲ
1345 2262 1414 2302 πο-

366 2348 430 2434 ρών
452 2347 596 2416 ἐπὶτῶν
618 2347 815 2418 τόπων....

449 2462 519 2528 Iam
541 2464 582 2527 ad
605 2470 702 2546 caput
725 2465 816 2530 venio
838 2464 992 2546 alterum,
1015 2482 1086 2529 cum
1107 2462 1140 2526 in
1161 2461 1293 2545 reliquis
1315 2461 1416 2526 omni-

364 2572 424 2637 bus
446 2575 659 2656 paragraphis
687 2575 780 2656 primi
811 2576 943 2655 capitis,
973 2594 1107 2657 quarum
1137 2593 1199 2639 non
1229 2571 1416 2653 singillatim

365 2686 556 2750 mentionem
579 2683 649 2766 feci,
673 2686 751 2751 nihil
773 2687 962 2766 inveniatur,
992 2687 1077 2769 quod
1100 2703 1157 2750 nos
1179 2703 1291 2778 cogere
1313 2684 1416 2765 possit

284 2884 287 2888 ‚
365 2797 610 2879 descriptionem
640 2797 690 2864 vel
712 2818 751 2864 ex
773 2798 968 2864 Artemidori
998 2799 1048 2862 vel
1077 2815 1116 2862 ex
1145 2797 1228 2862 alius
1250 2778 1417 2877 scriptoris

364 2907 444 2973 libro
460 2911 614 2976 derivare.
657 2910 705 2974 Ac
720 2909 834 2976 Strabo
856 2909 1006 2975 nonnulla
1021 2910 1196 2992 generatim
1219 2909 1258 2974 de
1275 2907 1415 2972 moribus

366 3022 557 3104 Aethiopum
580 3021 747 3104 praelatus
769 3022 881 3102 incipit
902 3022 957 3104 §2
977 3041 1008 3103 p.
1024 3022 1085 3087 821
1103 3020 1137 3086 Ο.
1152 3021 1193 3086 ab
1216 3018 1322 3086 verbis
1344 3013 1415 3082 ἔστι

364 3131 402 3198 δὲ
423 3133 462 3198 τὸ
483 3132 639 3219 μέγιστον
669 3127 782 3211 αὐτοῖς
803 3129 972 3216 βασίλειον
1002 3127 1022 3220 ἡ
1049 3128 1160 3217 Μερόη
1190 3149 1255 3196 rem
1285 3147 1416 3195 accura-

366 3244 430 3310 tius
453 3251 602 3312 tractare.
646 3248 735 3325 Quae
761 3246 919 3328 quomodo
951 3245 1150 3309 consentiant
1178 3262 1248 3308 cum
1272 3242 1365 3307 Diod.
1390 3242 1415 3307 Ι.

364 3357 416 3436 33,
438 3358 533 3436 2-4,
556 3359 682 3424 videas:

409 3467 541 3534 Strabo:
575 3464 646 3534 ἔστι
680 3467 717 3533 δὲ
748 3466 787 3533 τὸ
816 3465 876 3551 με’-
947 3462 1255 3552 Βίοό.;ταότην(εσ.
1268 3460 1417 3550 Μερόην)

365 3601 478 3664 γιστον
511 3573 623 3657 αὐτοῖς
654 3576 822 3663 βασίλειον
858 3572 878 3665 ἡ
905 3576 942 3643 δὲ
972 3577 1018 3664 τῷ
1047 3575 1108 3661 μὲν
1139 3572 1282 3662 σχήματί
1315 3596 1419 3662 φασιν

366 3689 489 3778 Μερόη,
515 3687 614 3769 πόλις
639 3685 812 3776 ὁμώνυμος
838 3693 878 3778 τῇ
904 3684 1060 3774 ὑπάρχειν
1092 3689 1202 3774 θυρεῷ
1236 3687 1418 3775 παραπλη-

365 3799 469 3890 νησῳ·
503 3800 559 3891 τὴν
580 3801 618 3868 δὲ
641 3807 736 3890 νῆσον
757 3805 876 3886 θυρεο-
905 3795 996 3878 σίαν,
1028 3799 1074 3886 τῷ
1102 3797 1139 3864 δὲ
1167 3796 1301 3883 μεγέθει
1331 3795 1419 3863 πολὺ

365 3915 435 4002 oedip
457 3936 538 4001 φασι
569 3913 608 3980 τὸ
631 3918 752 4002 σχῆμα,
781 3907 821 3977 τό
842 3934 877 3975 τε
905 3908 1055 3998 προέχειν
1083 3913 1148 3975 τῶν
1177 3903 1285 3974 ἄλλων
1313 3899 1418 3996 νήσων

365 4024 508 4111 μέγεθος
543 4022 625 4108 adpo
656 4022 742 4113 πρὸς
774 4019 875 4110 ὕπερ·
903 4024 967 4086 τῶν
989 4019 1024 4086 ἐν
1045 4016 1174 4098 τούτοις
1188 4023 1260 4098 τοῖς
1281 4017 1419 4101 τόποις·

853 4540 1014 4680 q

434 4664 1214 4980 nli
