3300 5018
797 379 1008 446 ..48-

384 551 470 617 dium
494 559 526 617 et
548 549 735 616 Heracleam
759 549 799 616 ab
822 551 953 617 meridie
973 550 1148 617 Laodiceae
1169 550 1249 616 sitas
1270 568 1349 630 esse,
1372 568 1433 630 quo

383 663 453 730 iure
475 683 583 729 earnm
615 663 740 728 omuino
773 663 962 727 mentionem
994 662 1114 744 iacere,
1146 681 1215 728 cum
1246 662 1308 726 iam
1339 669 1442 726 antea

383 775 484 841 multo
508 777 625 840 rectius
640 779 902 841 commemoratae
925 774 1012 838 sint?
1053 773 1164 856 Neque
1187 773 1247 838 hoc
1266 771 1433 855 neglegen-

384 888 459 952 dum
482 888 501 969 ξ
517 887 536 951 8
559 907 589 968 p.
607 884 666 952 751
684 886 718 951 C.
741 885 892 967 oppidum
909 879 1094 972 Ἡράκλεια,
1119 886 1137 968 ξ
1155 885 1195 950 12
1211 888 1317 948 autem
1330 879 1433 969 Ἡρά-

383 998 491 1063 κλειον
513 998 676 1064 nominari.
720 998 787 1062 Iam
812 1016 881 1062 cum
914 1016 973 1061 uon
1005 996 1100 1063 liceat
1128 995 1230 1062 locum
1254 996 1434 1061 coniectura

384 1129 507 1192 sanare,
530 1110 734 1174 statuendum
757 1115 807 1174 est
829 1128 888 1174 non
913 1110 1046 1174 eundem
1071 1108 1186 1172 iontem
1210 1113 1343 1187 utroque
1366 1107 1434 1172 loco

384 1221 563 1287 adhibitum
587 1239 664 1286 esse.
709 1221 787 1285 Cum
819 1238 894 1285 vero
917 1220 1031 1286 Strabo
1062 1220 1123 1284 alio
1154 1227 1251 1300 atque
1273 1218 1435 1300 ingressus

384 1339 434 1397 est
455 1332 565 1397 ordine
595 1333 675 1398 hauc
703 1337 827 1414 partem
859 1331 1037 1414 describat,
1060 1337 1232 1409 auctorem,
1262 1349 1355 1414 quem
1386 1348 1433 1394 se-

386 1451 479 1509 cutus
494 1449 553 1522 est,
575 1445 684 1509 eodem
698 1444 789 1508 modo
812 1463 877 1509 rem
889 1462 1056 1508 enarrasse
1071 1443 1191 1526 optimo
1205 1445 1273 1509 iure
1289 1441 1432 1507 sumitur.

386 1556 487 1636 Atqui
519 1574 556 1619 ex
588 1554 773 1636 fragmentis
796 1554 1004 1635 comperimus
1029 1555 1263 1621 Artemidorum
1296 1553 1433 1620 alterum

386 1684 528 1732 servasse
558 1671 715 1746 tenorem,
747 1683 817 1731 cum
841 1667 1003 1748 Aegypto,
1027 1667 1155 1748 Arabia,
1178 1666 1279 1746 India,
1301 1664 1435 1730 Parthia

389 1778 549 1860 descripta
564 1778 605 1840 ad
621 1777 798 1843 Phoenicen
814 1778 1004 1859 perveniret.
1048 1778 1161 1858 Itaque
1177 1779 1196 1861 ξ
1213 1781 1252 1845 12
1275 1797 1305 1858 p.
1323 1777 1385 1842 753
1400 1775 1433 1842 G.

385 1888 467 1955 alius
489 1890 625 1970 scriptor
657 1894 753 1969 atque
776 1888 997 1954 Artemidorus
1021 1896 1131 1954 auctor
1153 1891 1196 1954 sit
1218 1907 1345 1954 necesse
1375 1894 1433 1953 est.

389 2000 478 2076 Quod
502 2001 582 2064 adeo
604 2001 820 2067 demonstrare
842 2018 1017 2081 possumus.
1063 1999 1210 2084 Servavit
1231 2000 1312 2066 enim
1327 1999 1435 2080 Steph.

386 2111 462 2194 Byz.
486 2130 510 2176 s,
533 2133 562 2177 v.
596 2106 708 2197 Κάρνη
738 2111 806 2193 ipsa
837 2111 934 2177 verba
963 2111 1169 2177 Artemidori:
1194 2104 1436 2198 Ἀρτεμίδωρος

387 2216 420 2287 d'
446 2219 480 2286 ἐν
508 2221 555 2309 τῷ
586 2217 710 2306 δεκάτῳ
742 2222 926 2303 (secundum
950 2222 1115 2291 Stiehlium
1147 2222 1184 2287 ir.
1209 2225 1270 2289 112
1301 2223 1436 2289 fortasse

388 2335 507 2400 rectius
529 2328 648 2419 ἐνάτῳ)
670 2328 788 2417 βιβλίῳ
812 2328 927 2419 φησίν·
951 2328 1040 2413 ,ἔστι
1066 2328 1197 2419 Κάρνος
1217 2333 1275 2399 καὶ
1297 2335 1435 2413 συνεχῶς

388 2440 533 2523 flattena,
548 2435 621 2508 εἶτα
636 2440 770 2524 Γάβαλα
786 2439 914 2521 πόλιςίί.
950 2446 1064 2511 Strabo
1079 2452 1185 2511 autern
1201 2446 1219 2529 ξ
1232 2447 1272 2511 12
1283 2467 1313 2528 p.
1327 2449 1345 2512 7
1348 2447 1389 2512 53
1402 2445 1435 2512 C.

388 2557 466 2622 haec
488 2553 626 2638 profert:
658 2552 777 2619 καὶτὰ
800 2551 951 2638 Γάβαλα·
981 2547 1037 2620 εἶτ’
1062 2550 1121 2642 ’ἤδη
1142 2552 1162 2644 ἡ
1184 2560 1248 2621 τῶν
1267 2550 1432 2642 Ἀραδίων

389 2663 549 2752 παραλία,
573 2661 709 2743 Πόλτυς
731 2663 787 2730 καὶ
803 2662 973 2732 Βαλαναία
996 2665 1053 2732 καὶ
1069 2664 1210 2754 Κάρνος,
1233 2667 1270 2733 τὸ
1284 2664 1437 2749 Ιἐπίνειον

388 2783 444 2866 τῆς
461 2772 621 2865 Ἀράδου,
654 2775 798 2862 λιμένιον
830 2773 912 2858 ἔχον.
957 2779 1053 2845 Patet
1081 2780 1180 2860 igitur
1202 2781 1436 2846 Artemidorum

389 2911 445 2957 nec
467 2891 535 2957 loco
557 2892 641 2972 apud
660 2891 853 2972 Stephanum
870 2890 977 2970 citato,
1000 2909 1100 2974 neque
1114 2891 1178 2956 ullo
1201 2892 1264 2957 alio
1279 2892 1437 2957 Balaneae

390 3003 477 3069 urbis
499 3004 688 3070 mentionem
712 3001 841 3082 iecisse,
864 3022 935 3068 nam
959 3002 1070 3068 vocula
1094 3002 1231 3082 συνεχῶς
1253 3003 1437 3085 comproba-

389 3125 442 3179 tur
464 3115 635 3180 secundum
659 3114 727 3177 eius
751 3119 887 3178 mentem
909 3113 992 3179 inter
1008 3113 1144 3179 Carnum
1168 3122 1201 3179 et
1223 3114 1349 3180 Paltum
1369 3114 1437 3179 nul·

389 3226 452 3291 lam
473 3225 656 3291 interfuisse
677 3225 797 3290 urbem.
841 3226 1014 3291 Praeterea
1038 3226 1152 3292 Strabo
1174 3226 1323 3294 nonnulla
1349 3229 1435 3294 adie-

389 3339 450 3418 cit,
479 3354 560 3417 quae
589 3337 674 3418 apud
698 3337 934 3402 Artemidorum
958 3355 1018 3401 non
1042 3343 1124 3403 suut.
1169 3338 1259 3402 Unde
1282 3339 1435 3421 sequitur,

389 3455 426 3513 ut
447 3450 466 3528 ξ
489 3449 529 3514 12
551 3467 581 3529 p.
598 3447 660 3513 753
684 3448 716 3512 G.
741 3466 779 3512 ex
801 3467 844 3512 eo¹
861 3467 920 3513 non
942 3449 1045 3530 petita
1067 3449 1118 3514 sit.

477 3559 687 3626 Continuatur
710 3559 761 3625 hic
777 3559 917 3642 periplus
939 3563 958 3639 ξ
975 3561 1014 3626 15
1029 3581 1059 3642 p.
1078 3561 1141 3627 754
1159 3562 1203 3643 C.‚
1226 3562 1280 3627 ubi
1303 3564 1437 3629 eundem

391 3671 577 3752 scriptorem
594 3671 772 3736 adhibitum
797 3689 865 3735 esse
879 3672 952 3736 inde
975 3671 1151 3738 certissime
1167 3673 1331 3755 evincitur,
1353 3675 1438 3757 quod

389 3785 580 3863 inutraque
610 3782 812 3864 paragrapho
835 3782 1025 3849 Eleutheros
1055 3782 1168 3849 fluvius
1191 3785 1342 3851 Orthosia
1375 3806 1439 3850 me·

391 3896 502 3960 ridiem
535 3911 644 3959 versus
675 3899 886 3959 enumeratur.
937 3895 1005 3960 Hoc
1036 3903 1142 3960 autem
1172 3897 1361 3962 adversatur
1390 3898 1439 3981 iis,

390 4025 472 4096 quae
493 4006 589 4074 ceteri
621 4005 821 4087 antiquitatis
852 4007 1025 4088 geographi
1056 4010 1247 4092 docuerunt,
1277 4007 1333 4075 cir.
1358 4007 1437 4080 Pliu.
