3300 5018
663 456 876 522 -19..

332 627 413 694 Sunt
433 626 533 710 igitur
556 627 660 692 aliena
682 627 722 693 ab
742 627 943 693 Artemidoro
974 643 1000 694 c.
1022 627 1053 706 1,
1075 627 1096 693 4
1125 646 1154 709 p.
1180 627 1239 693 137
1263 625 1297 693 G.

247 739 344 805 τοῦτο
368 735 405 804 δέ
427 735 498 802 ἐστι
521 737 559 803 τὸ
582 734 800 805 ὄντικώτατον
822 739 863 805 ad
887 734 925 803 τὸ
948 733 1065 818 λεχθὲν
1088 730 1296 827 ἀκρωτήριον.

248 851 312 916 Sed
335 869 374 916 ne
396 849 495 914 verba
517 849 645 932 quidem
676 850 750 917 inde
783 870 802 914 a
832 847 889 915 καὶ
912 847 951 938 δὴ
971 846 1028 914 καὶ
1057 850 1099 914 ad
1131 845 1297 934 σημαίνειν

250 958 442 1046 βουλόμενοι
474 961 668 1026 Artemidori
700 979 768 1026 esse
797 961 834 1026 R.
857 961 986 1027 Hansen
1017 961 1037 1026 l.
1059 959 1080 1026 l.
1104 962 1298 1026 Artemidori

247 1074 426 1156 fragmento
448 1075 531 1154 apud
555 1074 651 1138 Mart.
674 1072 750 1155 Oap.
766 1071 821 1154 VI,
844 1075 905 1140 611
929 1076 1056 1138 servato
1078 1072 1166 1138 nisus
1187 1073 1299 1139 rectis·

248 1187 328 1250 sime
351 1184 591 1250 demonstravit.
636 1183 720 1261 Quid
743 1183 826 1249 enim
849 1183 964 1250 fuisset
986 1203 1112 1263 causae,
1136 1201 1191 1249 our
1215 1183 1299 1249 Mar-

249 1297 355 1361 tianus
387 1315 464 1378 „per
487 1294 621 1376 Sphenis
650 1293 806 1360 frontem“
837 1295 1006 1377 scriberet,
1038 1296 1064 1361 si
1096 1295 1181 1376 apud
1205 1296 1299 1359 Arte·

250 1407 406 1472 midorum
438 1405 569 1471 latinam
601 1407 743 1472 voculam
767 1409 940 1489 ‚‚cuneum“
970 1407 1163 1473 invenisset?
1206 1404 1300 1470 Arte-

250 1519 390 1584 midorus
408 1518 508 1600 igitur
524 1517 604 1584 hanc
627 1519 787 1602 regionem
805 1519 912 1607 σφῆνα
927 1513 1111 1602 appellavit,
1134 1516 1300 1583 Strabonis

248 1635 360 1696 auctor
390 1645 534 1696 cuneum.
587 1627 672 1712 Ergo
701 1629 780 1694 nihil
811 1630 932 1713 habeo,
965 1647 1021 1696 cur
1053 1627 1218 1711 Vogelium
1253 1647 1300 1692 se-

249 1761 344 1824 quar;
368 1741 463 1806 immo
480 1739 668 1807 Schwedero
682 1745 710 1822 ¹)
726 1742 757 1806 in
781 1760 817 1806 eo
834 1741 1001 1819 assentior,
1023 1740 1108 1821 quod
1122 1739 1299 1805 Romanum

248 1854 367 1919 fontem
383 1853 562 1920 adhibitum
586 1871 655 1919 esse
671 1854 841 1935 existimat,
865 1852 919 1934 qui
941 1851 1045 1934 qualis
1061 1850 1167 1929 fuerit,
1189 1855 1301 1932 postea

249 1969 433 2047 exponetur.
1036 2013 1037 2016 η

333 2076 401 2140 Iam
424 2093 500 2140 vero
522 2075 756 2140 Zimmermann
778 2094 809 2156 p.
832 2075 894 2140 337
918 2093 964 2156 sq.
989 2073 1153 2138 contendit
1175 2089 1200 2137 c.
1226 2073 1254 2154 t,
1278 2074 1297 2137 6
1395 2118 1398 2122 -

249 2207 279 2268 p.
299 2186 359 2252 139
384 2186 417 2251 C.
441 2185 629 2252 Strabonem
651 2186 758 2252 verbis
781 2179 811 2250 oi
834 2182 992 2269 μὲντοὺς
1015 2177 1131 2259 αὐτοὺς
1153 2184 1209 2264 (sc.
1225 2181 1301 2260 τούς

255 2303 287 2360 Τ
284 2295 499 2383 ουρδητανούς
520 2294 576 2361 καὶ
601 2303 633 2360 Τ
630 2291 835 2384 ουρόούλους)
863 2293 1052 2382 νομίζοντες
1083 2293 1223 2362 alludere
1257 2294 1299 2360 ad

251 2408 505 2487 Artemidorum,
536 2407 652 2491 quippe
674 2409 728 2490 qui
751 2415 833 2476 teste
857 2409 1017 2494 Stephano
1037 2400 1197 2491 Byzantio
1222 2424 1246 2469 a.
1270 2423 1301 2474 r.

255 2515 477 2606 Τουρδητανία
493 2519 611 2585 nullum
634 2520 717 2586 inter
732 2522 849 2587 Turtos
871 2528 904 2588 et
919 2522 1114 2602 Turtytanos
1132 2517 1302 2582 discrimen

251 2629 450 2696 intercedere
480 2631 641 2696 statuerit.
695 2631 758 2698 Sed
789 2651 826 2698 ex
858 2634 968 2699 eodem
1007 2631 1076 2699 loco
1107 2629 1201 2712 plane
1231 2648 1303 2695 con-

250 2742 385 2808 trarium
416 2747 467 2808 est
499 2741 757 2808 concludendum.
813 2743 966 2810 Videmus
1000 2743 1082 2808 enirn
1115 2740 1302 2806 Strabonem

251 2853 357 2918 varias
388 2855 492 2934 gentis
515 2854 718 2920 Turdetanae
750 2854 885 2920 nominis
913 2853 1033 2920 formas
1054 2851 1215 2935 proferre,
1247 2852 1303 2916 sed

252 2981 316 3042 eas,
346 2982 425 3045 quas
448 2965 641 3031 Artemidori
664 2966 809 3048 proprias
839 2963 936 3030 fuisse
957 2967 1127 3030 edocemur
1149 2961 1303 3044 Stephani

253 3075 376 3154 verbis,
399 3077 516 3142 Turtos
537 3084 571 3142 et
592 3078 802 3160 Turtytanos‚
836 3095 896 3142 non
927 3075 1058 3158 profert.
1104 3073 1195 3154 Quod
1218 3073 1303 3137 nullo

253 3184 346 3250 modo
369 3187 546 3270 accidisset,
576 3187 603 3252 si
627 3187 742 3252 Strabo
770 3207 804 3253 re
833 3205 909 3251 vera
938 3186 1018 3252 haec
1041 3187 1081 3251 de
1102 3183 1303 3250 Artemidoro

254 3295 511 3377 deprompsisset.

344 3406 514 3473 Praeterea
546 3409 776 3474 Zimmermann
814 3413 988 3477 extremam
1019 3405 1255 3489 paragraphum
1286 3425 1306 3471 a

254 3517 361 3582 verbis
383 3513 479 3584 τείνει
502 3517 539 3586 δὲ
569 3514 587 3607 ὴ
615 3515 704 3605 χώρα
733 3513 811 3605 αὕτη
834 3519 1034 3585 Artemidoro
1063 3519 1134 3584 ideo
1165 3519 1305 3601 imputat

252 3630 371 3710 quode
393 3629 507 3712 peripli
523 3634 652 3696 arrotore
668 3647 738 3695 eam
760 3629 894 3712 petitam
911 3649 981 3696 esse
1003 3629 1168 3695 intellexit.
1213 3629 1305 3709 Quod

251 3747 475 3821 argumentum
492 3746 644 3828 quantum
661 3741 777 3820 valeat,
794 3738 967 3822 disceptari
983 3739 1102 3823 nequit,
1118 3740 1303 3823 priusquam

343 3991 372 4070 l)
395 3991 563 4063 sthweder,
581 3983 735 4064 ‘Beitrbge
750 4011 803 4050 zur
818 3991 918 4051 Kritiir
942 3994 995 4052 der
1010 3993 1233 4071 chorographie
1254 3994 1305 4052 des

256 4075 377 4137 Kaisers
401 4073 570 4156 Augustns',
593 4097 622 4155 p.
640 4077 689 4138 72.

1056 4159 1098 4246 pn
