3300 5018
773 407 985 474 -2g-.

309 607 311 612 ·
439 579 615 646 Praeterea
642 581 728 662 apud
752 578 854 647 Strab.
876 581 917 644 Π.
939 579 971 661 5,
995 579 1037 644 14
1057 599 1089 662 p.
1114 581 1175 646 119
1198 581 1231 647 O.
1254 580 1405 663 leguntur

354 691 451 757 haee:
490 683 736 774 δυσμικαίτατον
773 687 834 774 μὲν
871 687 931 776 γὰρ
962 691 1095 776 σημεῖον
1124 692 1180 776 τῆς
1215 686 1404 778 οἰκουμένης

359 798 397 867 τὸ
420 803 485 866 τῶν
503 793 633 888 Ἰβήρων
654 793 865 890 ἀκρωτήριον,
888 789 1076 867 ‘donimano
1090 795 1200 887 Ἱερόν,
1223 822 1305 886 quae
1319 804 1404 869 idem

354 915 394 979 de
417 914 482 980 situ
504 913 718 996 promuntun‘i
731 911 821 980 Saari
842 913 983 996 produnt
1005 932 1043 980 ae
1065 912 1122 978 111.
1149 914 1177 995 1,
1199 915 1222 980 4
1243 933 1274 996 p.
1292 914 1352 979 137
1369 916 1402 982 O.

353 1027 454 1109 Atqui
481 1045 520 1092 ax
542 1026 623 1091 libro
653 1026 754 1092 altero
777 1044 859 1109 quae
881 1025 978 1091 citavi
1009 1025 1107 1092 verba
1128 1031 1217 1091 certo
1244 1032 1321 1092 sunt
1342 1027 1403 1092 Po-

354 1138 472 1204 sidonii
502 1138 599 1220 paulo
628 1145 704 1220 post
734 1137 910 1219 laudati1).
970 1136 1132 1203 Habemus
1157 1138 1257 1220 igitur
1288 1157 1404 1205 novum

355 1249 514 1330 opinionis
535 1268 626 1315 meae
647 1253 879 1331 argumentum.
963 1273 965 1280 ·

439 1397 583 1530 Denique
594 1464 844 1513 commemorem.
868 1447 908 1511 Π.
925 1444 955 1528 5,
970 1446 1011 1510 27
1025 1465 1055 1528 p.
1073 1445 1144 1528 127,
1161 1447 1222 1512 128
1238 1447 1271 1514 G.
1290 1447 1403 1514 iisdem

353 1559 421 1626 fere
444 1556 567 1642 verbis,
601 1558 715 1643 quibus
745 1558 804 1622 III.
828 1559 857 1640 1,
879 1558 899 1622 3
921 1576 952 1639 p.
977 1558 1039 1622 137
1062 1556 1096 1623 O.
1119 1559 1248 1642 depingi
1270 1558 1404 1625 formem

354 1672 540 1754 Hispaniae.

396 1868 748 1950 111.1‚3p.1370.
780 1861 866 1932 auo
934 1861 1406 1954 noannoeane

353 1977 414 2066 τὰρ
437 1974 544 2068 βύρσα
566 1974 733 2067 τεταμένα,
888 1968 1019 2062 'loonio
1053 1971 1157 2066 odom
1177 1973 1272 2064 βοείυ
1294 1999 1404 2063 παρα-

892 2083 1027 2175 πλησία,

397 2234 482 2302 κατὰ
504 2241 608 2325 μῆκος
637 2235 697 2322 μὲν
720 2227 789 2302 dai
811 2237 867 2323 τῆς
934 2235 1000 2299 τῶν
1028 2229 1072 2313 ὡς
1094 2229 1133 2299 iio
1164 2229 1405 2322 τραχηλιμαίωυ

356 2344 501 2435 ἑσπέρας
537 2342 595 2413 ἐπί
631 2344 689 2435 τὴν
725 2343 784 2431 ἕω,
825 2346 866 2412 τὰ
891 2348 999 2431 μερῶν
1036 2341 1314 2432 ὓπερπιπτόυτοιυ
1358 2342 1406 2424 τίς

355 2453 509 2544 πρόσθια
539 2453 656 2548 ἐχούσῃ
677 2454 759 2543 μέρη
781 2454 867 2545 πρὸς
892 2455 949 2546 τὴν
971 2458 1083 2547 συνεχῆ
1101 2454 1279 2546 Κελτικήν·
1303 2461 1406 2523 ταῦτα

375 2569 391 2585 ην
429 2565 435 2592 χ
917 2561 926 2587 ³
958 2565 968 2590 2
1014 2566 1022 2588 i
1074 2567 1082 2588 i
1163 2566 1172 2589 ἱ
1228 2565 1235 2591 ί

354 2595 395 2660 ap
416 2569 470 2656 ep.
893 2568 913 2633 d
952 2590 1024 2634 εστι
1043 2593 1086 2634 τα
1107 2593 1193 2656 προς
1215 2567 1268 2635 ἕω.

398 2711 464 2797 ἔχει
486 2715 523 2782 δὲ
539 2712 681 2782 σταδίων
704 2711 865 2797 ἑξακισχι-
935 2711 1096 2802 μῆκοςδὲ
1118 2717 1176 2802 τῆς
1198 2709 1305 2802 χώρας
1326 2710 1405 2779 ταύ-

353 2825 432 2894 λίων
455 2822 536 2912 ὁμοῦ
566 2827 605 2893 τὸ
635 2829 747 2914 μῆκος,
780 2822 865 2892 πλά-
893 2849 950 2912 της
972 2824 1045 2893 ἐστὶ
1066 2823 1144 2913 περί
1166 2821 1405 2908 ἑξακισχιλίους

353 2964 411 3018 τος
447 2937 485 3004 δὲ
523 2934 794 3019 πεντακισχιλίων
826 2937 864 3005 τὸ
893 2935 1047 3016 σταδίους
1068 2935 1107 3004 τὸ
1128 2935 1292 3022 μέγιστον,
1316 2929 1404 3004 πλοί-

351 3050 515 3136 μὲχιστον.
892 3073 948 3127 τος
971 3048 1007 3114 δὲ
1030 3045 1337 3129 πεντακισχιλίους·

399 3248 405 3262 .
423 3246 430 3261 .
448 3246 455 3261 .
470 3193 528 3260 καὶ
548 3191 694 3280 μα’λιστα
720 3193 806 3281 πρὸς
826 3200 866 3285 τῇ
934 3193 992 3260 καὶ
1006 3188 1133 3280 τούτοις
1148 3191 1402 3279 ἕναποτέμνεται

354 3303 487 3397 Πορήνῃ
501 3311 541 3395 τῇ
555 3302 697 3395 ποιούσῃ
712 3305 768 3396 τὴν
783 3302 867 3394 idiota
892 3305 930 3372 τὸ
946 3303 1085 3393 πλευρὸν
1099 3300 1188 3393 ἑῷον,
1211 3299 1290 3392 ίίρος
1306 3301 1325 3394 ἡ
1345 3328 1402 3370 κα-

353 3414 506 3505 πλευροίν.
893 3414 1030 3506 λυομένη
1052 3413 1191 3506 Πυρήνη.

352 3689 511 3763 montibus,
535 3683 708 3748 dihonaeue
730 3688 766 3746 de
790 3686 918 3764 Alpibus
941 3693 1051 3746 narret.
1096 3686 1226 3746 Proinde
1256 3706 1294 3744 ue
1316 3685 1402 3744 dnbi-

353 3775 473 3848 averio,
497 3774 520 3834 si
544 3775 622 3850 apud
644 3775 701 3832 hoe
720 3773 880 3852 eoripioree
903 3773 1020 3833 eaedem
1042 3772 1257 3850 dosoriptionee
1279 3771 1402 3831 mutatio

353 3860 524 3920 nominibus
554 3860 603 3923 vel
632 3860 787 3934 regionum
821 3859 870 3920 vol
902 3859 1035 3934 gentium
1067 3859 1193 3934 legeris,
1225 3877 1274 3918 eae
1306 3858 1401 3918 eidem

353 3947 469 4006 auctori
491 3947 633 4007 tribuero.

444 4032 472 4112 1)
495 4033 614 4107 willer,
638 4032 755 4107 Fragm.
779 4029 849 4092 hiet.
873 4031 978 4092 Gnaeo.
1000 4031 1058 4090 ΙΙΙ.
1083 4028 1154 4103 287,
1176 4031 1212 4090 fr.
1239 4033 1287 4091 81.
