3300 5018
642 441 854 508 ..45-

227 604 441 696 λάνθρονπον,
476 608 626 697 τοιαύτης
648 607 682 676 d'
707 607 804 698 οὔσης
824 614 865 678 ad
889 605 1049 695 ἀτοπίαν,
1080 614 1203 698 reliqua
1225 635 1274 682 re·

224 723 365 801 centiori,
388 725 441 806 qui
465 742 526 805 quo
548 727 691 806 tempore
713 723 819 806 fuerit,
843 723 926 790 inira
940 727 1158 792 demonstrare
1181 745 1273 792 cona·

224 833 289 898 bor.
333 833 391 899 Cui
423 834 466 899 rei
496 835 680 915 priusquam
711 854 839 917 operam
871 835 1008 916 navabo,
1040 855 1141 918 pauca
1171 837 1273 902 dicam

224 947 264 1009 de
287 946 305 1027 ξ
329 947 347 1010 7
371 952 471 1025 parte,
494 945 546 1010 ubi
572 946 690 1011 Brutus
713 945 877 1011 carraecus
901 956 1173 1028 commemoratur,
1196 946 1272 1033 διφ-

224 1057 369 1139 θερινοῖς
385 1078 420 1119 τε
436 1051 568 1133 πλοίοις
586 1057 627 1120 ad
646 1052 810 1140 μονόξυλα
827 1049 886 1143 ἤδη
903 1053 1038 1122 σπάνια.
1074 1058 1179 1140 Supra
1189 1060 1272 1124 enim

224 1168 269 1248 (p.
284 1169 335 1245 29,
358 1169 428 1244 30),
459 1187 529 1233 cum
554 1168 593 1232 de
615 1169 760 1233 omnibus
783 1169 822 1233 iis
845 1168 920 1234 locis
943 1187 1080 1252 agerem,
1103 1172 1133 1235 in
1158 1170 1272 1251 quibus

223 1279 315 1343 Bruti
347 1279 463 1344 mentio
495 1285 560 1360 est,
590 1278 621 1343 in
652 1279 833 1344 universum
862 1281 1011 1346 assentiri
1041 1300 1090 1346 me
1121 1282 1272 1346 Zimmer-

223 1407 338 1455 manno
361 1409 399 1455 ea
422 1388 552 1471 Polybio
568 1391 749 1471 adsignanti
766 1390 841 1470 dixi,
865 1391 925 1455 nisi
940 1399 1129 1472 argumenta
1144 1393 1272 1458 maioris

224 1503 373 1566 momenti
392 1503 437 1566 de
459 1501 519 1566 hac
541 1502 698 1567 sententia
721 1519 771 1566 me
789 1502 991 1568 deducerent.
1036 1504 1129 1582 Quod
1151 1503 1271 1568 iactum

222 1618 271 1677 est
294 1621 399 1678 nostro
422 1614 507 1694 loco,
538 1616 592 1696 qui
616 1614 903 1679 Zimmermaunum
926 1615 1051 1680 omnino
1074 1614 1171 1698 fugit,
1201 1634 1271 1680 oum

223 1722 308 1788 nulla
330 1744 388 1808 ego
411 1745 445 1789 rc
468 1743 563 1805 cogar
585 1743 698 1790 novum
722 1723 841 1791 fontem
863 1732 1006 1792 statuere
1035 1726 1195 1808 verbaque
1217 1727 1272 1792 illa

222 1834 404 1917 Asclepiadi
427 1835 620 1902 abiudicare.

263 1949 332 2028 Age
356 1966 437 2012 nunc
459 1966 665 2030 quaeramus,
695 1949 770 2030 quid
801 1948 841 2012 de
873 1947 912 2012 iis
941 1949 1088 2028 partibus
1110 1950 1268 2015 enucleari

220 2057 339 2139 possit,
369 2078 448 2141 quas
470 2060 684 2142 segregandas
715 2079 783 2125 esse
805 2060 845 2125 ab
876 2065 1006 2124 auctore
1036 2061 1187 2142 primario
1210 2081 1269 2142 pu-

220 2171 297 2236 tavi.
342 2172 446 2253 Atque
476 2171 506 2235 in
531 2171 590 2236 hac
618 2190 741 2254 quoque
764 2172 947 2254 quaestione
977 2172 1116 2252 incipere
1139 2171 1270 2238 iurata

220 2280 467 2363 locupletissimo
497 2280 551 2345 illo
580 2282 647 2347 loco
678 2281 735 2347 111.
766 2281 802 2359 3,
833 2284 907 2364 3p.
926 2283 986 2349 152
1009 2281 1052 2362 G,
1083 2302 1154 2348 cum
1185 2283 1270 2365 inde,

221 2394 309 2458 cuius
332 2393 448 2457 aetatis
471 2400 582 2458 auctor
604 2393 648 2457 ibi
671 2393 835 2459 adhibitus
857 2393 962 2473 fuerit,
985 2393 1093 2474 aliqua
1115 2411 1153 2458 ex
1175 2401 1268 2476 parte

221 2506 307 2570 nosci
338 2506 441 2570 liceat.
491 2505 540 2570 Ex
570 2505 610 2570 iis
640 2507 737 2584 enim,
768 2523 848 2586 quae
878 2523 975 2585 supra
1005 2507 1044 2570 de
1072 2506 1269 2589 singularum

221 2616 393 2698 Hispaniae
416 2616 649 2698 prouinciarum
672 2615 816 2681 terminis
832 2617 973 2698 exposui,
996 2616 1141 2696 efficitur,
1164 2622 1200 2681 ut
1215 2616 1269 2682 iiie

220 2729 501 2809 postannum12
531 2747 559 2792 a.
591 2727 663 2793 Chr.
693 2748 722 2793 n.
755 2726 831 2811 (quo
862 2727 1004 2808 Agrippa
1034 2735 1177 2800 mortuus
1207 2734 1268 2806 cst)

219 2839 333 2904 librum
357 2838 544 2904 condiderit.
587 2838 681 2903 Nullo
703 2839 802 2919 igitur
831 2840 923 2903 modo
946 2841 986 2902 de
1009 2839 1172 2920 Agrippae
1193 2839 1267 2903 cho-

220 2952 391 3034 rographia
412 2951 554 3032 cogitare
576 2949 660 3040 licet,
684 2957 716 3015 et
739 2949 798 3016 hac
820 2951 860 3014 de
882 2968 994 3028 causa,
1024 2956 1056 3015 et
1087 2951 1170 3031 quod
1194 2950 1266 3014 lati·

219 3081 339 3146 tudinis
379 3079 565 3145 Lusitaniae
599 3063 765 3143 mii—vl
804 3098 833 3159 p.
875 3097 1039 3158 mensura,
1080 3097 1175 3161 quam
1215 3077 1267 3142 iile

219 3191 256 3259 n.
278 3193 321 3259 24
343 3192 428 3273 apuu
452 3190 529 3254 run
551 3191 606 3255 rv.
631 3191 691 3254 118
715 3169 858 3268 extruet,
888 3189 1021 3254 murrum
1053 3211 1072 3255 a
1103 3190 1268 3255 seramus

219 3311 349 3370 auctore
371 3304 488 3383 differt,
510 3304 680 3367 secundum
706 3320 798 3384 quem
823 3301 878 3365 illa
893 3300 993 3366 multo
1009 3301 1112 3366 minus
1127 3301 1212 3366 3000
1227 3309 1267 3367 st.

221 3421 320 3498 patet.

304 3527 425 3592 Deinde
448 3526 531 3591 ratio
547 3525 692 3592 habenda
715 3530 765 3591 est
780 3523 838 3590 loci
862 3524 924 3590 iam
944 3543 1040 3606 supra
1063 3523 1187 3590 laudati
1210 3523 1266 3589 ΙΙΙ.

217 3640 248 3719 4,
264 3641 282 3704 7
299 3660 329 3722 p.
348 3638 409 3704 159
426 3638 459 3704 Ο.
482 3634 537 3701 καὶ
551 3633 830 3722 κατεσκευασμένη
852 3638 892 3701 ad
915 3639 971 3723 τῆς
986 3634 1119 3723 πολλῆς.
1166 3637 1266 3716 Aper·

219 3759 284 3815 tum
308 3752 391 3816 enim
414 3761 464 3816 est
495 3771 534 3816 ex
563 3749 668 3815 verbis
691 3743 803 3832 ὥσπερ
823 3742 1029 3832 μητρόπολις
1050 3748 1109 3829 (sc.
1136 3742 1265 3832 Ταρρα-

218 3864 297 3945 κων)
319 3863 542 3941 Tarraconem,
574 3880 763 3944 quamquam
798 3861 860 3925 iam
890 3859 1039 3940 opulenta
1069 3865 1156 3936 erat,
1190 3876 1265 3922 non-

217 3976 292 4040 dum
315 3981 420 4039 tamen
453 3979 549 4054 caput
571 3971 746 4054 Hispaniae
775 3969 930 4037 citerioris
952 3969 1060 4035 fuisse.
1116 3968 1264 4034 Potestas

218 4092 324 4154 autem
346 4085 441 4151 huius
464 4073 557 4150 urbis
573 4083 752 4168 augebatur
775 4081 911 4164 Augusti
935 4081 1147 4166 temporibus,
1170 4085 1266 4167 atqua
