<?xml version="1.0" encoding="UTF-8"?>
<!DOCTYPE html PUBLIC "-//W3C//DTD XHTML 1.0 Transitional//EN"
    "http://www.w3.org/TR/xhtml1/DTD/xhtml1-transitional.dtd">
<html xmlns="http://www.w3.org/1999/xhtml" xml:lang="en" lang="en">
 <head>
  <title>
</title>
<meta http-equiv="Content-Type" content="text/html;charset=utf-8" />
  <meta name='ocr-system' content='tesseract 3.04.00' />
  <meta name='ocr-capabilities' content='ocr_page ocr_carea ocr_par ocr_line ocrx_word'/>
</head>
<body>
  <div class='ocr_page' id='page_1' title='image "./quaestionesstra00rugegoog_0073.png"; bbox 0 0 3292 5006; ppageno 0'>
   <div class='ocr_carea' id='block_1_1' title="bbox 813 459 1027 524">
    <p class='ocr_par' dir='ltr' id='par_1_1' title="bbox 813 459 1027 524">
     <span class='ocr_line' id='line_1_1' title="bbox 813 459 1027 524; baseline -0.005 -16"><span class='ocrx_word' id='word_1_1' title='bbox 813 459 1027 524; x_wconf 74' lang='grc'><strong>..64-</strong></span> 
     </span>
    </p>
   </div>
   <div class='ocr_carea' id='block_1_2' title="bbox 399 624 1450 832">
    <p class='ocr_par' dir='ltr' id='par_1_2' title="bbox 399 624 1450 832">
     <span class='ocr_line' id='line_1_2' title="bbox 399 624 1450 718; baseline -0.004 -22"><span class='ocrx_word' id='word_1_2' title='bbox 399 625 605 716; x_wconf 82' lang='grc' dir='ltr'><em>καλούμενον.</em></span> <span class='ocrx_word' id='word_1_3' title='bbox 651 632 796 713; x_wconf 88' lang='lat' dir='ltr'>Denique</span> <span class='ocrx_word' id='word_1_4' title='bbox 818 633 836 714; x_wconf 66' lang='grc' dir='ltr'>ξ</span> <span class='ocrx_word' id='word_1_5' title='bbox 854 632 893 696; x_wconf 85' lang='grc'>15</span> <span class='ocrx_word' id='word_1_6' title='bbox 915 652 945 713; x_wconf 93' lang='lat' dir='ltr'>p.</span> <span class='ocrx_word' id='word_1_7' title='bbox 963 634 1025 697; x_wconf 95' lang='grc'>774</span> <span class='ocrx_word' id='word_1_8' title='bbox 1048 632 1086 698; x_wconf 86' lang='lat' dir='ltr'>O:</span> <span class='ocrx_word' id='word_1_9' title='bbox 1110 627 1144 695; x_wconf 81' lang='grc' dir='ltr'><em>ἕν</em></span> <span class='ocrx_word' id='word_1_10' title='bbox 1166 627 1202 696; x_wconf 79' lang='grc' dir='ltr'>δὲ</span> <span class='ocrx_word' id='word_1_11' title='bbox 1223 630 1263 718; x_wconf 70' lang='grc' dir='ltr'>τῇ</span> <span class='ocrx_word' id='word_1_12' title='bbox 1286 624 1359 717; x_wconf 75' lang='grc' dir='ltr'><em>ἑξῆς</em></span> <span class='ocrx_word' id='word_1_13' title='bbox 1382 652 1450 692; x_wconf 81' lang='grc' dir='ltr'>πα-</span> 
     </span>
     <span class='ocr_line' id='line_1_3' title="bbox 400 735 813 832; baseline 0.002 -25"><span class='ocrx_word' id='word_1_14' title='bbox 400 739 560 832; x_wconf 71' lang='lat' dir='ltr'>patipati</span> <span class='ocrx_word' id='word_1_15' title='bbox 585 735 621 809; x_wconf 77' lang='lat' dir='ltr'>ob</span> <span class='ocrx_word' id='word_1_16' title='bbox 643 739 813 830; x_wconf 78' lang='grc' dir='ltr'><em>γνώριμον.</em></span> 
     </span>
    </p>
   </div>
   <div class='ocr_carea' id='block_1_3' title="bbox 394 877 1453 1302">
    <p class='ocr_par' dir='ltr' id='par_1_3' title="bbox 394 877 1453 1302">
     <span class='ocr_line' id='line_1_4' title="bbox 487 877 1452 963; baseline -0.004 -19"><span class='ocrx_word' id='word_1_17' title='bbox 487 882 600 963; x_wconf 90' lang='lat' dir='ltr'>Itaque</span> <span class='ocrx_word' id='word_1_18' title='bbox 622 881 653 945; x_wconf 95' lang='lat' dir='ltr'>in</span> <span class='ocrx_word' id='word_1_19' title='bbox 670 881 829 961; x_wconf 89' lang='lat' dir='ltr'>scriptura</span> <span class='ocrx_word' id='word_1_20' title='bbox 852 880 1012 947; x_wconf 82' lang='lat' dir='ltr'>codicibus</span> <span class='ocrx_word' id='word_1_21' title='bbox 1034 885 1161 946; x_wconf 86' lang='lat' dir='ltr'>servata</span> <span class='ocrx_word' id='word_1_22' title='bbox 1182 881 1201 962; x_wconf 68' lang='grc' dir='ltr'>ξ</span> <span class='ocrx_word' id='word_1_23' title='bbox 1219 880 1259 944; x_wconf 90' lang='grc'>14</span> <span class='ocrx_word' id='word_1_24' title='bbox 1273 885 1351 943; x_wconf 83' lang='lat' dir='ltr'>extr.</span> <span class='ocrx_word' id='word_1_25' title='bbox 1374 877 1452 959; x_wconf 76' lang='lat'>§15</span> 
     </span>
     <span class='ocr_line' id='line_1_5' title="bbox 400 989 1453 1072; baseline -0.004 -15"><span class='ocrx_word' id='word_1_26' title='bbox 400 993 442 1057; x_wconf 93' lang='lat' dir='ltr'>in.</span> <span class='ocrx_word' id='word_1_27' title='bbox 474 993 551 1056; x_wconf 91' lang='lat' dir='ltr'>nibil</span> <span class='ocrx_word' id='word_1_28' title='bbox 585 993 652 1058; x_wconf 84' lang='lat' dir='ltr'>iere</span> <span class='ocrx_word' id='word_1_29' title='bbox 682 994 867 1056; x_wconf 91' lang='lat' dir='ltr'>mutandum</span> <span class='ocrx_word' id='word_1_30' title='bbox 902 999 960 1057; x_wconf 88' lang='lat' dir='ltr'>est.</span> <span class='ocrx_word' id='word_1_31' title='bbox 1021 991 1169 1072; x_wconf 83' lang='lat' dir='ltr'>Optimus</span> <span class='ocrx_word' id='word_1_32' title='bbox 1202 992 1282 1056; x_wconf 92' lang='lat' dir='ltr'>enim</span> <span class='ocrx_word' id='word_1_33' title='bbox 1315 989 1453 1054; x_wconf 86' lang='lat' dir='ltr'>efficitur</span> 
     </span>
     <span class='ocr_line' id='line_1_6' title="bbox 401 1096 1453 1189; baseline -0.006 -19"><span class='ocrx_word' id='word_1_34' title='bbox 401 1123 529 1185; x_wconf 90' lang='lat' dir='ltr'>sensus,</span> <span class='ocrx_word' id='word_1_35' title='bbox 560 1105 587 1168; x_wconf 89' lang='lat' dir='ltr'>si</span> <span class='ocrx_word' id='word_1_36' title='bbox 610 1105 628 1186; x_wconf 65' lang='grc' dir='ltr'>ξ</span> <span class='ocrx_word' id='word_1_37' title='bbox 653 1105 692 1168; x_wconf 90' lang='grc'>14</span> <span class='ocrx_word' id='word_1_38' title='bbox 714 1112 788 1185; x_wconf 90' lang='lat' dir='ltr'>post</span> <span class='ocrx_word' id='word_1_39' title='bbox 809 1098 969 1189; x_wconf 76' lang='grc' dir='ltr'><em>γνώριμον</em></span> <span class='ocrx_word' id='word_1_40' title='bbox 991 1101 1080 1168; x_wconf 87' lang='lat' dir='ltr'>finita</span> <span class='ocrx_word' id='word_1_41' title='bbox 1105 1100 1138 1166; x_wconf 79' lang='grc' dir='ltr'><em>ἐν</em></span> <span class='ocrx_word' id='word_1_42' title='bbox 1161 1099 1197 1167; x_wconf 81' lang='grc' dir='ltr'>δὲ</span> <span class='ocrx_word' id='word_1_43' title='bbox 1220 1103 1259 1189; x_wconf 80' lang='grc' dir='ltr'>τῇ</span> <span class='ocrx_word' id='word_1_44' title='bbox 1281 1096 1355 1189; x_wconf 76' lang='grc' dir='ltr'>ἑξῆς</span> <span class='ocrx_word' id='word_1_45' title='bbox 1385 1124 1453 1165; x_wconf 79' lang='grc' dir='ltr'>πα-</span> 
     </span>
     <span class='ocr_line' id='line_1_7' title="bbox 394 1205 1085 1302; baseline -0.001 -23"><span class='ocrx_word' id='word_1_46' title='bbox 394 1205 501 1302; x_wconf 76' lang='grc' dir='ltr'><em>ραλίᾳ</em></span> <span class='ocrx_word' id='word_1_47' title='bbox 522 1233 593 1280; x_wconf 91' lang='lat' dir='ltr'>cum</span> <span class='ocrx_word' id='word_1_48' title='bbox 617 1215 822 1298; x_wconf 88' lang='lat' dir='ltr'>sequentibus</span> <span class='ocrx_word' id='word_1_49' title='bbox 844 1215 1085 1295; x_wconf 83' lang='lat' dir='ltr'>coniunguntur.</span> 
     </span>
    </p>
   </div>
   <div class='ocr_carea' id='block_1_4' title="bbox 348 1351 1458 2547">
    <p class='ocr_par' dir='ltr' id='par_1_4' title="bbox 348 1351 1458 2547">
     <span class='ocr_line' id='line_1_8' title="bbox 489 1351 1454 1433; baseline -0.003 -16"><span class='ocrx_word' id='word_1_50' title='bbox 489 1353 646 1430; x_wconf 80' lang='lat' dir='ltr'>Straboni,</span> <span class='ocrx_word' id='word_1_51' title='bbox 670 1371 750 1433; x_wconf 90' lang='lat' dir='ltr'>quae</span> <span class='ocrx_word' id='word_1_52' title='bbox 766 1353 988 1416; x_wconf 82' lang='lat' dir='ltr'>Artemidorus</span> <span class='ocrx_word' id='word_1_53' title='bbox 1003 1351 1147 1432; x_wconf 89' lang='lat' dir='ltr'>protulit,</span> <span class='ocrx_word' id='word_1_54' title='bbox 1170 1371 1230 1416; x_wconf 91' lang='lat' dir='ltr'>non</span> <span class='ocrx_word' id='word_1_55' title='bbox 1245 1351 1454 1429; x_wconf 83' lang='lat' dir='ltr'>sufficiebant,</span> 
     </span>
     <span class='ocr_line' id='line_1_9' title="bbox 403 1463 1455 1546; baseline -0.003 -18"><span class='ocrx_word' id='word_1_56' title='bbox 403 1465 521 1545; x_wconf 88' lang='lat' dir='ltr'>itaque,</span> <span class='ocrx_word' id='word_1_57' title='bbox 544 1472 581 1527; x_wconf 90' lang='lat' dir='ltr'>ut</span> <span class='ocrx_word' id='word_1_58' title='bbox 603 1482 641 1527; x_wconf 88' lang='lat' dir='ltr'>ea</span> <span class='ocrx_word' id='word_1_59' title='bbox 656 1464 828 1545; x_wconf 84' lang='lat' dir='ltr'><strong>suppleret,</strong></span> <span class='ocrx_word' id='word_1_60' title='bbox 852 1463 985 1528; x_wconf 88' lang='lat' dir='ltr'>aliorum</span> <span class='ocrx_word' id='word_1_61' title='bbox 1002 1464 1192 1543; x_wconf 87' lang='lat' dir='ltr'>scriptorum</span> <span class='ocrx_word' id='word_1_62' title='bbox 1215 1483 1310 1546; x_wconf 90' lang='lat' dir='ltr'>opera</span> <span class='ocrx_word' id='word_1_63' title='bbox 1325 1482 1455 1543; x_wconf 83' lang='lat' dir='ltr'>excerp-</span> 
     </span>
     <span class='ocr_line' id='line_1_10' title="bbox 403 1574 1455 1657; baseline -0.003 -17"><span class='ocrx_word' id='word_1_64' title='bbox 403 1575 464 1653; x_wconf 85' lang='lat' dir='ltr'>sit,</span> <span class='ocrx_word' id='word_1_65' title='bbox 494 1594 557 1656; x_wconf 88' lang='lat' dir='ltr'>qua</span> <span class='ocrx_word' id='word_1_66' title='bbox 589 1574 620 1638; x_wconf 95' lang='lat' dir='ltr'>in</span> <span class='ocrx_word' id='word_1_67' title='bbox 652 1594 686 1638; x_wconf 93' lang='lat' dir='ltr'>re</span> <span class='ocrx_word' id='word_1_68' title='bbox 716 1575 815 1640; x_wconf 89' lang='lat' dir='ltr'>inscio</span> <span class='ocrx_word' id='word_1_69' title='bbox 846 1576 995 1657; x_wconf 86' lang='lat' dir='ltr'>contigit,</span> <span class='ocrx_word' id='word_1_70' title='bbox 1029 1585 1064 1639; x_wconf 90' lang='lat' dir='ltr'>ut</span> <span class='ocrx_word' id='word_1_71' title='bbox 1097 1575 1228 1640; x_wconf 87' lang='lat' dir='ltr'>eandem</span> <span class='ocrx_word' id='word_1_72' title='bbox 1252 1580 1375 1656; x_wconf 88' lang='lat' dir='ltr'>partem</span> <span class='ocrx_word' id='word_1_73' title='bbox 1406 1574 1455 1639; x_wconf 86' lang='lat' dir='ltr'>bis</span> 
     </span>
     <span class='ocr_line' id='line_1_11' title="bbox 404 1671 1455 1764; baseline -0.005 -12"><span class='ocrx_word' id='word_1_74' title='bbox 404 1692 577 1752; x_wconf 87' lang='lat' dir='ltr'>enarraret.</span> <span class='ocrx_word' id='word_1_75' title='bbox 612 1687 702 1764; x_wconf 81' lang='lat' dir='ltr'>Quod</span> <span class='ocrx_word' id='word_1_76' title='bbox 716 1694 821 1752; x_wconf 90' lang='lat' dir='ltr'>autem</span> <span class='ocrx_word' id='word_1_77' title='bbox 835 1686 936 1750; x_wconf 86' lang='lat' dir='ltr'>aliena</span> <span class='ocrx_word' id='word_1_78' title='bbox 956 1706 1025 1753; x_wconf 85' lang='lat' dir='ltr'>eum</span> <span class='ocrx_word' id='word_1_79' title='bbox 1043 1687 1272 1751; x_wconf 89' lang='lat' dir='ltr'>Artemidoreis</span> <span class='ocrx_word' id='word_1_80' title='bbox 1288 1671 1455 1750; x_wconf 80' lang='lat' dir='ltr'>conciliare</span> 
     </span>
     <span class='ocr_line' id='line_1_12' title="bbox 405 1795 1456 1880; baseline 0 -18"><span class='ocrx_word' id='word_1_81' title='bbox 405 1817 466 1862; x_wconf 96' lang='lat' dir='ltr'>non</span> <span class='ocrx_word' id='word_1_82' title='bbox 498 1798 637 1877; x_wconf 88' lang='lat' dir='ltr'>studuit,</span> <span class='ocrx_word' id='word_1_83' title='bbox 671 1817 741 1863; x_wconf 93' lang='lat' dir='ltr'>cum</span> <span class='ocrx_word' id='word_1_84' title='bbox 764 1797 841 1880; x_wconf 72' lang='lat'>§10</span> <span class='ocrx_word' id='word_1_85' title='bbox 862 1817 892 1879; x_wconf 95' lang='lat' dir='ltr'>p.</span> <span class='ocrx_word' id='word_1_86' title='bbox 909 1798 971 1863; x_wconf 89' lang='grc'>771</span> <span class='ocrx_word' id='word_1_87' title='bbox 995 1806 1074 1862; x_wconf 91' lang='lat' dir='ltr'>extr.</span> <span class='ocrx_word' id='word_1_88' title='bbox 1092 1798 1125 1864; x_wconf 86' lang='grc'>6.</span> <span class='ocrx_word' id='word_1_89' title='bbox 1148 1798 1340 1862; x_wconf 91' lang='lat' dir='ltr'>mentionem</span> <span class='ocrx_word' id='word_1_90' title='bbox 1372 1795 1456 1862; x_wconf 90' lang='lat' dir='ltr'>face-</span> 
     </span>
     <span class='ocr_line' id='line_1_13' title="bbox 348 1909 1454 1990; baseline -0.001 -16"><span class='ocrx_word' id='word_1_91' title='bbox 348 1920 350 1925; x_wconf 85' lang='grc'><strong>’</strong></span> <span class='ocrx_word' id='word_1_92' title='bbox 405 1915 455 1974; x_wconf 91' lang='lat' dir='ltr'>ret</span> <span class='ocrx_word' id='word_1_93' title='bbox 475 1909 627 1974; x_wconf 85' lang='lat' dir='ltr'>Eumenis</span> <span class='ocrx_word' id='word_1_94' title='bbox 657 1909 737 1986; x_wconf 88' lang='lat' dir='ltr'>luci,</span> <span class='ocrx_word' id='word_1_95' title='bbox 766 1910 841 1990; x_wconf 74' lang='lat'>§13</span> <span class='ocrx_word' id='word_1_96' title='bbox 864 1929 895 1990; x_wconf 93' lang='lat' dir='ltr'>p.</span> <span class='ocrx_word' id='word_1_97' title='bbox 912 1910 973 1974; x_wconf 80' lang='grc'>772</span> <span class='ocrx_word' id='word_1_98' title='bbox 996 1915 1076 1974; x_wconf 88' lang='lat' dir='ltr'>extr.</span> <span class='ocrx_word' id='word_1_99' title='bbox 1103 1909 1136 1975; x_wconf 84' lang='grc'>6.</span> <span class='ocrx_word' id='word_1_100' title='bbox 1160 1909 1310 1973; x_wconf 85' lang='lat' dir='ltr'>Eumenis</span> <span class='ocrx_word' id='word_1_101' title='bbox 1332 1917 1454 1989; x_wconf 90' lang='lat' dir='ltr'>portus,</span> 
     </span>
     <span class='ocr_line' id='line_1_14' title="bbox 405 2020 1454 2103; baseline -0.003 -18"><span class='ocrx_word' id='word_1_102' title='bbox 405 2041 475 2086; x_wconf 89' lang='lat' dir='ltr'>cum</span> <span class='ocrx_word' id='word_1_103' title='bbox 499 2021 575 2103; x_wconf 73' lang='lat'>§15</span> <span class='ocrx_word' id='word_1_104' title='bbox 597 2040 627 2102; x_wconf 87' lang='lat' dir='ltr'>p.</span> <span class='ocrx_word' id='word_1_105' title='bbox 644 2021 706 2086; x_wconf 89' lang='grc'>774</span> <span class='ocrx_word' id='word_1_106' title='bbox 729 2020 762 2086; x_wconf 84' lang='grc' dir='ltr'>Ο.</span> <span class='ocrx_word' id='word_1_107' title='bbox 785 2021 898 2100; x_wconf 89' lang='lat' dir='ltr'>litoris,</span> <span class='ocrx_word' id='word_1_108' title='bbox 931 2021 1101 2102; x_wconf 87' lang='lat' dir='ltr'>quodiam</span> <span class='ocrx_word' id='word_1_109' title='bbox 1124 2029 1220 2085; x_wconf 90' lang='lat' dir='ltr'>antea</span> <span class='ocrx_word' id='word_1_110' title='bbox 1242 2027 1454 2101; x_wconf 89' lang='lat' dir='ltr'>percurrerat,</span> 
     </span>
     <span class='ocr_line' id='line_1_15' title="bbox 407 2125 1457 2218; baseline -0.003 -22"><span class='ocrx_word' id='word_1_111' title='bbox 407 2134 650 2213; x_wconf 79' lang='lat' dir='ltr'>descriptionem</span> <span class='ocrx_word' id='word_1_112' title='bbox 675 2131 828 2215; x_wconf 83' lang='lat' dir='ltr'>inciperet</span> <span class='ocrx_word' id='word_1_113' title='bbox 858 2131 963 2196; x_wconf 90' lang='lat' dir='ltr'>verbis</span> <span class='ocrx_word' id='word_1_114' title='bbox 994 2128 1027 2196; x_wconf 79' lang='grc' dir='ltr'><em>ἐν</em></span> <span class='ocrx_word' id='word_1_115' title='bbox 1060 2129 1096 2196; x_wconf 79' lang='grc' dir='ltr'>δὲ</span> <span class='ocrx_word' id='word_1_116' title='bbox 1125 2135 1165 2218; x_wconf 73' lang='grc' dir='ltr'>τῇ</span> <span class='ocrx_word' id='word_1_117' title='bbox 1195 2125 1268 2215; x_wconf 77' lang='grc' dir='ltr'><em>ἑξῆς</em></span> <span class='ocrx_word' id='word_1_118' title='bbox 1300 2125 1457 2216; x_wconf 78' lang='grc' dir='ltr'><strong><em>παραλίᾳ,</em></strong></span> 
     </span>
     <span class='ocr_line' id='line_1_16' title="bbox 406 2242 1458 2325; baseline -0.002 -17"><span class='ocrx_word' id='word_1_119' title='bbox 406 2244 496 2325; x_wconf 90' lang='lat' dir='ltr'>quasi</span> <span class='ocrx_word' id='word_1_120' title='bbox 518 2244 610 2325; x_wconf 89' lang='lat' dir='ltr'>plane</span> <span class='ocrx_word' id='word_1_121' title='bbox 633 2244 705 2308; x_wconf 90' lang='lat' dir='ltr'>novi</span> <span class='ocrx_word' id='word_1_122' title='bbox 728 2243 804 2322; x_wconf 90' lang='lat' dir='ltr'>quid</span> <span class='ocrx_word' id='word_1_123' title='bbox 827 2242 948 2322; x_wconf 81' lang='lat' dir='ltr'>afferet,</span> <span class='ocrx_word' id='word_1_124' title='bbox 971 2243 1020 2307; x_wconf 91' lang='lat' dir='ltr'>his</span> <span class='ocrx_word' id='word_1_125' title='bbox 1042 2242 1137 2308; x_wconf 91' lang='lat' dir='ltr'>rebus</span> <span class='ocrx_word' id='word_1_126' title='bbox 1152 2242 1297 2306; x_wconf 90' lang='lat' dir='ltr'>omnibus</span> <span class='ocrx_word' id='word_1_127' title='bbox 1319 2242 1360 2305; x_wconf 91' lang='lat' dir='ltr'>ad</span> <span class='ocrx_word' id='word_1_128' title='bbox 1384 2260 1458 2306; x_wconf 86' lang='lat' dir='ltr'>eon-</span> 
     </span>
     <span class='ocr_line' id='line_1_17' title="bbox 407 2353 1456 2435; baseline -0.001 -17"><span class='ocrx_word' id='word_1_129' title='bbox 407 2358 479 2418; x_wconf 90' lang='lat' dir='ltr'>dem</span> <span class='ocrx_word' id='word_1_130' title='bbox 502 2355 692 2418; x_wconf 89' lang='lat' dir='ltr'>sententiam</span> <span class='ocrx_word' id='word_1_131' title='bbox 715 2353 927 2435; x_wconf 84' lang='lat' dir='ltr'>perducimur,</span> <span class='ocrx_word' id='word_1_132' title='bbox 959 2355 1000 2418; x_wconf 90' lang='lat' dir='ltr'>ad</span> <span class='ocrx_word' id='word_1_133' title='bbox 1023 2373 1117 2435; x_wconf 88' lang='lat' dir='ltr'>quam</span> <span class='ocrx_word' id='word_1_134' title='bbox 1141 2359 1317 2419; x_wconf 85' lang='lat' dir='ltr'>tractantes</span> <span class='ocrx_word' id='word_1_135' title='bbox 1339 2353 1456 2418; x_wconf 89' lang='lat' dir='ltr'>librum</span> 
     </span>
     <span class='ocr_line' id='line_1_18' title="bbox 409 2464 1370 2547; baseline -0.001 -18"><span class='ocrx_word' id='word_1_136' title='bbox 409 2467 538 2532; x_wconf 87' lang='lat' dir='ltr'>tertium</span> <span class='ocrx_word' id='word_1_137' title='bbox 561 2464 772 2547; x_wconf 86' lang='lat' dir='ltr'>pervenimus,</span> <span class='ocrx_word' id='word_1_138' title='bbox 796 2484 866 2529; x_wconf 90' lang='lat' dir='ltr'>eum</span> <span class='ocrx_word' id='word_1_139' title='bbox 890 2483 969 2546; x_wconf 89' lang='lat' dir='ltr'>opus</span> <span class='ocrx_word' id='word_1_140' title='bbox 991 2484 1082 2530; x_wconf 89' lang='lat' dir='ltr'>suum</span> <span class='ocrx_word' id='word_1_141' title='bbox 1105 2483 1164 2528; x_wconf 92' lang='lat' dir='ltr'>non</span> <span class='ocrx_word' id='word_1_142' title='bbox 1189 2465 1370 2530; x_wconf 86' lang='lat' dir='ltr'>absolvisse.</span> 
     </span>
    </p>
   </div>
   <div class='ocr_carea' id='block_1_5' title="bbox 408 2600 1468 3781">
    <p class='ocr_par' dir='ltr' id='par_1_5' title="bbox 491 2600 1458 2685">
     <span class='ocr_line' id='line_1_19' title="bbox 491 2600 1458 2685; baseline 0 -18"><span class='ocrx_word' id='word_1_143' title='bbox 491 2603 627 2685; x_wconf 82' lang='lat' dir='ltr'>Reliqua</span> <span class='ocrx_word' id='word_1_144' title='bbox 649 2603 772 2682; x_wconf 87' lang='lat' dir='ltr'>omnia,</span> <span class='ocrx_word' id='word_1_145' title='bbox 804 2621 885 2682; x_wconf 91' lang='lat' dir='ltr'>quae</span> <span class='ocrx_word' id='word_1_146' title='bbox 908 2602 991 2666; x_wconf 84' lang='lat' dir='ltr'>XVI.</span> <span class='ocrx_word' id='word_1_147' title='bbox 1015 2603 1045 2680; x_wconf 83' lang='lat'>4,</span> <span class='ocrx_word' id='word_1_148' title='bbox 1068 2600 1088 2667; x_wconf 80' lang='lat'>5</span> <span class='ocrx_word' id='word_1_149' title='bbox 1110 2622 1140 2684; x_wconf 93' lang='lat' dir='ltr'>p.</span> <span class='ocrx_word' id='word_1_150' title='bbox 1158 2602 1220 2668; x_wconf 88' lang='grc'>769</span> <span class='ocrx_word' id='word_1_151' title='bbox 1243 2601 1276 2668; x_wconf 82' lang='lat' dir='ltr'>O.</span> <span class='ocrx_word' id='word_1_152' title='bbox 1300 2602 1339 2666; x_wconf 91' lang='lat' dir='ltr'>ad</span> <span class='ocrx_word' id='word_1_153' title='bbox 1363 2601 1393 2679; x_wconf 85' lang='lat'>4,</span> <span class='ocrx_word' id='word_1_154' title='bbox 1419 2604 1458 2667; x_wconf 91' lang='grc'>17</span> 
     </span>
    </p>

    <p class='ocr_par' dir='ltr' id='par_1_6' title="bbox 408 2711 1468 3781">
     <span class='ocr_line' id='line_1_20' title="bbox 408 2711 1461 2797; baseline 0.001 -20"><span class='ocrx_word' id='word_1_155' title='bbox 408 2736 437 2797; x_wconf 92' lang='lat' dir='ltr'>p.</span> <span class='ocrx_word' id='word_1_156' title='bbox 455 2715 516 2780; x_wconf 89' lang='grc'>776</span> <span class='ocrx_word' id='word_1_157' title='bbox 541 2713 574 2780; x_wconf 85' lang='lat'>0.</span> <span class='ocrx_word' id='word_1_158' title='bbox 599 2711 760 2794; x_wconf 90' lang='lat' dir='ltr'>feruntur,</span> <span class='ocrx_word' id='word_1_159' title='bbox 792 2712 986 2778; x_wconf 78' lang='lat' dir='ltr'>Artemidori</span> <span class='ocrx_word' id='word_1_160' title='bbox 1017 2719 1101 2777; x_wconf 89' lang='lat' dir='ltr'>suut.</span> <span class='ocrx_word' id='word_1_161' title='bbox 1145 2713 1192 2777; x_wconf 91' lang='lat' dir='ltr'>Ac</span> <span class='ocrx_word' id='word_1_162' title='bbox 1223 2712 1297 2778; x_wconf 89' lang='lat' dir='ltr'>lieet</span> <span class='ocrx_word' id='word_1_163' title='bbox 1326 2715 1369 2778; x_wconf 91' lang='lat' dir='ltr'>ad</span> <span class='ocrx_word' id='word_1_164' title='bbox 1399 2713 1461 2778; x_wconf 89' lang='lat' dir='ltr'>hnc</span> 
     </span>
     <span class='ocr_line' id='line_1_21' title="bbox 409 2823 1462 2906; baseline -0.001 -16"><span class='ocrx_word' id='word_1_165' title='bbox 409 2825 557 2890; x_wconf 91' lang='lat' dir='ltr'>nonnulla</span> <span class='ocrx_word' id='word_1_166' title='bbox 591 2842 775 2906; x_wconf 86' lang='lat' dir='ltr'>comparare</span> <span class='ocrx_word' id='word_1_167' title='bbox 807 2843 876 2888; x_wconf 93' lang='lat' dir='ltr'>cum</span> <span class='ocrx_word' id='word_1_168' title='bbox 900 2824 968 2888; x_wconf 88' lang='lat' dir='ltr'>eius</span> <span class='ocrx_word' id='word_1_169' title='bbox 990 2824 1192 2904; x_wconf 82' lang='lat' dir='ltr'>fragmentis:</span> <span class='ocrx_word' id='word_1_170' title='bbox 1226 2825 1278 2905; x_wconf 74' lang='lat'>§8</span> <span class='ocrx_word' id='word_1_171' title='bbox 1301 2843 1330 2904; x_wconf 88' lang='lat' dir='ltr'>p.</span> <span class='ocrx_word' id='word_1_172' title='bbox 1348 2823 1408 2889; x_wconf 93' lang='grc'>771</span> <span class='ocrx_word' id='word_1_173' title='bbox 1428 2824 1462 2889; x_wconf 87' lang='lat' dir='ltr'>G.</span> 
     </span>
     <span class='ocr_line' id='line_1_22' title="bbox 409 2919 1463 3017; baseline 0 -17"><span class='ocrx_word' id='word_1_174' title='bbox 409 2919 476 3002; x_wconf 78' lang='lat' dir='ltr'>tres</span> <span class='ocrx_word' id='word_1_175' title='bbox 498 2935 544 3000; x_wconf 89' lang='lat' dir='ltr'>illi</span> <span class='ocrx_word' id='word_1_176' title='bbox 567 2934 673 3014; x_wconf 90' lang='lat' dir='ltr'>fluvii,</span> <span class='ocrx_word' id='word_1_177' title='bbox 704 2935 810 3017; x_wconf 93' lang='lat' dir='ltr'>quiin</span> <span class='ocrx_word' id='word_1_178' title='bbox 834 2934 941 2999; x_wconf 92' lang='lat' dir='ltr'>Nilum</span> <span class='ocrx_word' id='word_1_179' title='bbox 964 2935 1123 3008; x_wconf 88' lang='lat' dir='ltr'>incidunt,</span> <span class='ocrx_word' id='word_1_180' title='bbox 1158 2935 1341 3015; x_wconf 75' lang='lat' dir='ltr'>Astaboras</span> <span class='ocrx_word' id='word_1_181' title='bbox 1366 2935 1463 3000; x_wconf 90' lang='lat' dir='ltr'>Asta-</span> 
     </span>
     <span class='ocr_line' id='line_1_23' title="bbox 409 3044 1465 3130; baseline -0.003 -18"><span class='ocrx_word' id='word_1_182' title='bbox 409 3067 489 3130; x_wconf 77' lang='lat' dir='ltr'>puS,</span> <span class='ocrx_word' id='word_1_183' title='bbox 521 3045 698 3114; x_wconf 87' lang='lat' dir='ltr'>Astasobas</span> <span class='ocrx_word' id='word_1_184' title='bbox 725 3046 791 3111; x_wconf 90' lang='lat' dir='ltr'>fere</span> <span class='ocrx_word' id='word_1_185' title='bbox 814 3048 923 3111; x_wconf 91' lang='lat' dir='ltr'>eodem</span> <span class='ocrx_word' id='word_1_186' title='bbox 949 3046 1041 3111; x_wconf 93' lang='lat' dir='ltr'>modo</span> <span class='ocrx_word' id='word_1_187' title='bbox 1064 3064 1126 3126; x_wconf 90' lang='lat' dir='ltr'>quo</span> <span class='ocrx_word' id='word_1_188' title='bbox 1148 3044 1188 3109; x_wconf 85' lang='lat' dir='ltr'>ir.</span> <span class='ocrx_word' id='word_1_189' title='bbox 1205 3047 1247 3110; x_wconf 90' lang='grc'>90</span> <span class='ocrx_word' id='word_1_190' title='bbox 1276 3065 1465 3111; x_wconf 88' lang='lat' dir='ltr'>enumeran-</span> 
     </span>
     <span class='ocr_line' id='line_1_24' title="bbox 410 3156 1465 3239; baseline -0.003 -14"><span class='ocrx_word' id='word_1_191' title='bbox 410 3167 473 3225; x_wconf 91' lang='lat' dir='ltr'>tur.</span> <span class='ocrx_word' id='word_1_192' title='bbox 533 3158 652 3222; x_wconf 91' lang='lat' dir='ltr'>Mentin</span> <span class='ocrx_word' id='word_1_193' title='bbox 689 3165 738 3222; x_wconf 86' lang='lat' dir='ltr'>est</span> <span class='ocrx_word' id='word_1_194' title='bbox 776 3159 881 3239; x_wconf 45' lang='lat' dir='ltr'>apud,</span> <span class='ocrx_word' id='word_1_195' title='bbox 902 3163 1073 3239; x_wconf 90' lang='lat' dir='ltr'>utrumque</span> <span class='ocrx_word' id='word_1_196' title='bbox 1112 3158 1214 3237; x_wconf 89' lang='lat' dir='ltr'>partis</span> <span class='ocrx_word' id='word_1_197' title='bbox 1249 3156 1336 3222; x_wconf 81' lang='lat' dir='ltr'>iilius</span> <span class='ocrx_word' id='word_1_198' title='bbox 1367 3157 1465 3222; x_wconf 89' lang='lat' dir='ltr'>Asta-</span> 
     </span>
     <span class='ocr_line' id='line_1_25' title="bbox 410 3268 1466 3352; baseline -0.003 -16"><span class='ocrx_word' id='word_1_199' title='bbox 410 3271 519 3351; x_wconf 90' lang='lat' dir='ltr'>borae,</span> <span class='ocrx_word' id='word_1_200' title='bbox 542 3289 623 3352; x_wconf 90' lang='lat' dir='ltr'>quae</span> <span class='ocrx_word' id='word_1_201' title='bbox 646 3269 676 3332; x_wconf 94' lang='lat' dir='ltr'>in</span> <span class='ocrx_word' id='word_1_202' title='bbox 700 3269 803 3334; x_wconf 87' lang='lat' dir='ltr'>sinum</span> <span class='ocrx_word' id='word_1_203' title='bbox 820 3268 990 3334; x_wconf 88' lang='lat' dir='ltr'>Arabicum</span> <span class='ocrx_word' id='word_1_204' title='bbox 1015 3268 1149 3346; x_wconf 89' lang='lat' dir='ltr'>decidit;</span> <span class='ocrx_word' id='word_1_205' title='bbox 1176 3269 1261 3349; x_wconf 90' lang='lat' dir='ltr'>apud</span> <span class='ocrx_word' id='word_1_206' title='bbox 1279 3268 1466 3333; x_wconf 89' lang='lat' dir='ltr'>Strabonem</span> 
     </span>
     <span class='ocr_line' id='line_1_26' title="bbox 410 3373 1467 3465; baseline -0.003 -19"><span class='ocrx_word' id='word_1_207' title='bbox 410 3383 489 3448; x_wconf 89' lang='lat' dir='ltr'>haec</span> <span class='ocrx_word' id='word_1_208' title='bbox 512 3381 609 3446; x_wconf 86' lang='lat' dir='ltr'>verba</span> <span class='ocrx_word' id='word_1_209' title='bbox 638 3386 765 3444; x_wconf 84' lang='lat' dir='ltr'>entant:</span> <span class='ocrx_word' id='word_1_210' title='bbox 805 3377 839 3443; x_wconf 80' lang='grc' dir='ltr'><em>ἐν</em></span> <span class='ocrx_word' id='word_1_211' title='bbox 869 3376 906 3443; x_wconf 74' lang='grc' dir='ltr'>δὲ</span> <span class='ocrx_word' id='word_1_212' title='bbox 935 3380 982 3465; x_wconf 72' lang='grc' dir='ltr'>τῷ</span> <span class='ocrx_word' id='word_1_213' title='bbox 1014 3377 1136 3462; x_wconf 76' lang='grc' dir='ltr'><strong><em>μεταξὺ</em></strong></span> <span class='ocrx_word' id='word_1_214' title='bbox 1173 3375 1347 3443; x_wconf 80' lang='grc' dir='ltr'><em>ἐκδίδωσιν</em></span> <span class='ocrx_word' id='word_1_215' title='bbox 1377 3373 1467 3445; x_wconf 80' lang='grc' dir='ltr'><em>ἀπό-</em></span> 
     </span>
     <span class='ocr_line' id='line_1_27' title="bbox 412 3484 1468 3577; baseline -0.002 -19"><span class='ocrx_word' id='word_1_216' title='bbox 412 3515 552 3576; x_wconf 79' lang='grc' dir='ltr'><em>σπασμα</em></span> <span class='ocrx_word' id='word_1_217' title='bbox 581 3492 638 3556; x_wconf 79' lang='grc' dir='ltr'>τοῦ</span> <span class='ocrx_word' id='word_1_218' title='bbox 657 3484 856 3577; x_wconf 78' lang='grc' dir='ltr'>Ἀσταβόρα,</span> <span class='ocrx_word' id='word_1_219' title='bbox 889 3491 976 3571; x_wconf 90' lang='lat' dir='ltr'>apud</span> <span class='ocrx_word' id='word_1_220' title='bbox 1000 3492 1239 3555; x_wconf 81' lang='lat' dir='ltr'>Artemidorum</span> <span class='ocrx_word' id='word_1_221' title='bbox 1272 3487 1388 3558; x_wconf 79' lang='lat' dir='ltr'>radron</span> <span class='ocrx_word' id='word_1_222' title='bbox 1412 3496 1468 3572; x_wconf 90' lang='lat' dir='ltr'>(sc.</span> 
     </span>
     <span class='ocr_line' id='line_1_28' title="bbox 409 3595 1462 3690; baseline 0 -24"><span class='ocrx_word' id='word_1_223' title='bbox 409 3598 613 3688; x_wconf 79' lang='grc' dir='ltr'><strong>Ἀσταβόρα)</strong></span> <span class='ocrx_word' id='word_1_224' title='bbox 648 3600 704 3667; x_wconf 80' lang='grc' dir='ltr'>καὶ</span> <span class='ocrx_word' id='word_1_225' title='bbox 737 3595 949 3685; x_wconf 78' lang='grc' dir='ltr'><em>ἀπόσπασμα</em></span> <span class='ocrx_word' id='word_1_226' title='bbox 983 3600 1116 3688; x_wconf 82' lang='grc' dir='ltr'><em>φέρεται</em></span> <span class='ocrx_word' id='word_1_227' title='bbox 1149 3597 1197 3678; x_wconf 83' lang='grc' dir='ltr'>εἷς</span> <span class='ocrx_word' id='word_1_228' title='bbox 1228 3599 1285 3690; x_wconf 82' lang='grc' dir='ltr'><em>τὴν</em></span> <span class='ocrx_word' id='word_1_229' title='bbox 1318 3599 1462 3689; x_wconf 62' lang='grc' dir='ltr'><em>ἐρυθρὰν</em></span> 
     </span>
     <span class='ocr_line' id='line_1_29' title="bbox 417 3712 602 3781; baseline -0.016 -1"><span class='ocrx_word' id='word_1_230' title='bbox 417 3712 602 3781; x_wconf 67' lang='grc' dir='ltr'><em>θάλασσαν.</em></span> 
     </span>
    </p>
   </div>
   <div class='ocr_carea' id='block_1_6' title="bbox 414 3840 1475 4166">
    <p class='ocr_par' dir='ltr' id='par_1_7' title="bbox 414 3840 1475 4166">
     <span class='ocr_line' id='line_1_30' title="bbox 502 3840 1465 3942; baseline 0.003 -19"><span class='ocrx_word' id='word_1_231' title='bbox 502 3859 612 3924; x_wconf 87' lang='lat' dir='ltr'>Altera</span> <span class='ocrx_word' id='word_1_232' title='bbox 634 3865 740 3924; x_wconf 90' lang='lat' dir='ltr'>autern</span> <span class='ocrx_word' id='word_1_233' title='bbox 763 3840 908 3942; x_wconf 85' lang='lat' dir='ltr'>quaestio</span> <span class='ocrx_word' id='word_1_234' title='bbox 930 3859 1130 3942; x_wconf 83' lang='lat' dir='ltr'>relinquitur,</span> <span class='ocrx_word' id='word_1_235' title='bbox 1154 3865 1261 3925; x_wconf 92' lang='lat' dir='ltr'>utrum</span> <span class='ocrx_word' id='word_1_236' title='bbox 1285 3860 1391 3927; x_wconf 89' lang='lat' dir='ltr'>omnia</span> <span class='ocrx_word' id='word_1_237' title='bbox 1407 3862 1465 3926; x_wconf 88' lang='lat' dir='ltr'>Ar-</span> 
     </span>
     <span class='ocr_line' id='line_1_31' title="bbox 415 3970 1475 4054; baseline 0.002 -19"><span class='ocrx_word' id='word_1_238' title='bbox 415 3970 591 4035; x_wconf 87' lang='lat' dir='ltr'>temidorus</span> <span class='ocrx_word' id='word_1_239' title='bbox 614 3991 651 4036; x_wconf 90' lang='lat' dir='ltr'>ex</span> <span class='ocrx_word' id='word_1_240' title='bbox 668 3971 909 4053; x_wconf 85' lang='lat' dir='ltr'>Agatharchide</span> <span class='ocrx_word' id='word_1_241' title='bbox 932 3971 1112 4053; x_wconf 86' lang='lat' dir='ltr'>sumpserit,</span> <span class='ocrx_word' id='word_1_242' title='bbox 1136 3991 1175 4037; x_wconf 91' lang='lat' dir='ltr'>an</span> <span class='ocrx_word' id='word_1_243' title='bbox 1200 3973 1267 4053; x_wconf 85' lang='lat' dir='ltr'>ipse</span> <span class='ocrx_word' id='word_1_244' title='bbox 1283 3971 1359 4054; x_wconf 88' lang='lat' dir='ltr'>quid</span> <span class='ocrx_word' id='word_1_245' title='bbox 1382 3972 1475 4037; x_wconf 89' lang='lat' dir='ltr'>adie-</span> 
     </span>
     <span class='ocr_line' id='line_1_32' title="bbox 414 4082 1473 4166; baseline 0.003 -18"><span class='ocrx_word' id='word_1_246' title='bbox 414 4083 502 4159; x_wconf 83' lang='lat' dir='ltr'>cerit.</span> <span class='ocrx_word' id='word_1_247' title='bbox 550 4083 593 4147; x_wconf 90' lang='lat' dir='ltr'>Ac</span> <span class='ocrx_word' id='word_1_248' title='bbox 609 4083 745 4166; x_wconf 89' lang='lat' dir='ltr'>primum</span> <span class='ocrx_word' id='word_1_249' title='bbox 765 4082 857 4149; x_wconf 85' lang='lat' dir='ltr'>facile</span> <span class='ocrx_word' id='word_1_250' title='bbox 874 4103 944 4150; x_wconf 88' lang='lat' dir='ltr'>curn</span> <span class='ocrx_word' id='word_1_251' title='bbox 963 4083 1117 4149; x_wconf 90' lang='lat' dir='ltr'>Muellero</span> <span class='ocrx_word' id='word_1_252' title='bbox 1132 4085 1182 4166; x_wconf 87' lang='lat' dir='ltr'>(G.</span> <span class='ocrx_word' id='word_1_253' title='bbox 1200 4084 1254 4149; x_wconf 89' lang='lat' dir='ltr'>Gr.</span> <span class='ocrx_word' id='word_1_254' title='bbox 1275 4085 1350 4149; x_wconf 92' lang='lat' dir='ltr'>min.</span> <span class='ocrx_word' id='word_1_255' title='bbox 1367 4084 1391 4149; x_wconf 93' lang='grc' dir='ltr'>Ι.</span> <span class='ocrx_word' id='word_1_256' title='bbox 1413 4083 1473 4151; x_wconf 90' lang='grc'>166</span> 
     </span>
    </p>
   </div>
   <div class='ocr_carea' id='block_1_7' title="bbox 0 0 1671 4996">
    <p class='ocr_par' dir='ltr' id='par_1_8' title="bbox 0 0 1671 4996">
     <span class='ocr_line' id='line_1_33' title="bbox 0 0 1671 4996; baseline 0 0"><span class='ocrx_word' id='word_1_257' title='bbox 0 0 1671 4996; x_wconf 95' lang='lat' dir='ltr'> </span> 
     </span>
    </p>
   </div>
  </div>
 </body>
</html>
