3300 5018
783 437 995 502 „pp-⁴

364 615 402 675 nt
417 609 673 675 Artemidoream
697 627 768 674 esse
783 609 918 689 evineat,
942 609 1095 674 auxilium
1118 609 1241 689 expetit
1263 608 1414 674 eximiii

364 723 465 804 (apud
483 720 592 803 Steph.
607 721 685 803 Byz.
701 739 725 786 s
743 739 771 784 v.
784 711 943 805 Ὠρισία);
963 710 1208 806 Ἀρτεμίδωρος
1224 715 1258 783 ἐν
1272 716 1411 806 δευτέρῳ

364 827 676 918 γεωγραφοαμὲνων·
710 822 892 916 ἀμφότεροι
913 828 991 915 γὰρ,
1016 825 1112 917 φησί,
1147 831 1336 895 κατοικοῦσι
1359 829 1415 918 τὴν

365 938 532 1030 παραλίαν
553 938 610 1006 καί
630 965 703 1005 τινα
724 944 781 1029 τῆς
802 937 987 1025 μεσογαίου,
1010 939 1218 1027 πρῶτονμὲν
1235 933 1414 1028 Ὠρητανοί.

365 1059 411 1123 Ac
427 1057 609 1139 suspicatur
624 1058 699 1120 ante
714 1053 793 1120 haee
809 1055 1004 1120 Artemidori
1020 1054 1118 1120 verba
1132 1073 1179 1135 ea,
1202 1073 1284 1137 puae
1300 1053 1415 1121 Strabo

363 1171 456 1235 initio
479 1187 504 1234 e.
527 1170 558 1250 4,
581 1169 744 1248 inerrat,
775 1167 898 1248 scripta
918 1165 1018 1233 fuisse
1043 1167 1118 1232 inde
1140 1167 1179 1233 ab
1211 1162 1302 1251 ῥάχις
1325 1164 1416 1233 ἐστὶν

364 1271 471 1367 ὀρεινὴ
499 1281 542 1344 ad
571 1271 641 1344 dno
663 1277 736 1366 τῆς
757 1272 944 1363 μεσογαίας.
994 1278 1086 1355 Quod
1117 1278 1204 1344 dicat
1233 1277 1415 1362 Stephanus

363 1393 496 1476 πρῶτον
516 1387 577 1474 μὲν
594 1382 775 1476 Ὠρητανοί,
798 1389 913 1455 Strabo
937 1395 1044 1456 autem
1065 1390 1284 1456 Bastetaniam
1306 1393 1415 1475 priore

363 1504 433 1568 loco
457 1509 690 1587 commemoret,
713 1501 794 1568 nihil
817 1501 999 1569 offensionis
1021 1502 1148 1584 habere,
1171 1521 1243 1568 oum
1266 1503 1415 1571 Oretanis

364 1633 511 1696 parvam,
538 1614 725 1680 Bastetanis
753 1633 901 1698 magnam
931 1619 1057 1697 partem
1086 1633 1163 1680 orae
1192 1614 1414 1682 habitantibus

364 1728 402 1808 iS,
426 1728 479 1809 qui
501 1728 625 1792 tradat:
648 1728 780 1812 πρῶτον
802 1717 1054 1812 μὲνὨρητανοί,
1076 1726 1182 1791 dicere
1198 1727 1302 1808 possit
1323 1721 1416 1812 ῥάχις

364 1841 420 1926 τῆς
451 1833 679 1924 Βαστητανίας
705 1834 762 1902 καὶ
794 1840 859 1902 τῶν
884 1831 1077 1925 'depravata
1123 1838 1216 1916 Quod
1244 1858 1337 1920 nego,
1381 1839 1415 1904 Is

364 1950 458 2033 enim,
480 1951 534 2033 qui
549 1950 628 2015 dicit
642 1943 735 2038 ῥάχις
755 1950 812 2038 τῆς
828 1945 1055 2034 Βαστητανίας
1077 1955 1111 2016 et
1132 1969 1214 2033 quae
1228 1956 1414 2033 sequuntur,

363 2080 498 2144 pergere
529 2063 639 2144 nequit
669 2063 800 2146 πρῶτον
822 2058 883 2145 μὲν
900 2052 1081 2147 Ὠρητανοί.
1125 2061 1306 2143 Expliuaiio
1330 2062 1414 2126 Zim-

364 2173 540 2240 mermanni
570 2192 671 2255 prava
700 2177 759 2255 est,
789 2173 851 2238 nisi
874 2173 1112 2238 Artemidorum
1143 2173 1246 2254 primo
1276 2176 1317 2240 de
1339 2193 1415 2256 gen-

364 2286 461 2368 tibus,
485 2285 601 2351 deinde
623 2285 665 2351 de
680 2304 736 2349 ora
758 2285 830 2366 ipsa
852 2284 956 2365 egisse
972 2285 1118 2350 sumitur.
1164 2285 1257 2362 Quod
1279 2285 1307 2350 si
1328 2285 1414 2367 feeit,

364 2398 556 2463 Bastetanos
592 2397 699 2478 priore
735 2395 805 2462 looo
844 2414 1030 2462 enumerare
1062 2397 1162 2462 licuit.
1221 2397 1269 2462 Eo
1306 2402 1416 2463 autem

365 2509 492 2590 ordine,
523 2527 585 2590 quo
608 2509 841 2573 Zimmermann
863 2507 950 2588 vuit,
981 2507 1079 2572 verba
1111 2507 1196 2588 apud
1219 2508 1416 2590 Stephanum

366 2623 495 2687 servata
519 2637 590 2684 cum
613 2619 833 2685 Strabonianis
863 2620 1011 2699 coniungi
1032 2638 1094 2683 non
1117 2624 1299 2701 potuerunt.
1344 2620 1417 2686 Huc

365 2732 505 2813 aceedit,
536 2733 621 2814 quod
645 2730 828 2813 Stephanus
848 2731 926 2813 Byz.
956 2730 1017 2796 hoe
1040 2731 1236 2797 Artemidori
1257 2730 1417 2813 fragmen·

365 2849 432 2910 tum
464 2863 502 2908 ex
534 2863 609 2909 orao
631 2843 816 2917 {maritimae
843 2843 1057 2924 descriptione
1089 2848 1176 2909 certo
1206 2862 1268 2909 non
1297 2843 1416 2926 hausit,

365 2975 436 3022 oum
458 2956 513 3022 ille
542 2974 674 3022 exorsus
705 2955 746 3021 ab
768 2953 917 3021 Herculis
948 2953 1103 3020 columnis
1125 2955 1318 3020 Bastetanos
1341 2960 1416 3020 ante

365 3071 523 3134 Oretanos
545 3085 722 3134 memorare
751 3067 891 3133 deberet.
935 3066 984 3131 Ex
1012 3065 1069 3130 illa
1100 3067 1201 3146 igitur
1221 3067 1418 3132 Artemidori

364 3180 438 3246 libri
460 3185 562 3263 parte,
592 3179 624 3245 in
647 3199 710 3262 qna
731 3179 784 3245 hie
815 3180 854 3246 de
876 3179 1054 3260 Hispaniae
1082 3177 1232 3260 gentibus
1255 3179 1417 3259 disseruit,

364 3293 398 3358 id
421 3292 601 3373 Stephanus
616 3292 693 3374 Byz.
717 3293 893 3373 sumpsisse
915 3291 1049 3356 videtur.
1095 3290 1216 3368 Quibus
1239 3290 1334 3356 rebus
1356 3291 1417 3356 ite-

364 3425 435 3470 rum
457 3404 637 3485 iterumque
660 3403 827 3484 perpensis
843 3401 1090 3468 Zimmermanni
1112 3403 1304 3468 sententiam
1327 3403 1417 3485 sequi

363 3516 461 3582 nolui.

451 3627 562 3711 Neque
592 3629 625 3692 in
657 3626 781 3709 reliqua
810 3625 926 3707 periph
955 3630 1050 3708 parte
1081 3643 1163 3708 quae
1185 3625 1418 3691 Zimmermann

365 3739 539 3820 contendit,
554 3737 728 3803 ullomodo
745 3737 1001 3820 comprobantur,
1018 3755 1089 3803 oum
1106 3738 1138 3803 in
1154 3742 1245 3802 tanta
1256 3736 1416 3818 fragmen-

365 3856 470 3915 torum
493 3850 692 3916 Artemidori
721 3850 856 3932 penuria
887 3866 957 3914 oum
981 3847 1137 3915 Strabone
1166 3847 1211 3912 nil
1242 3847 1310 3915 fere
1333 3866 1417 3914 oom-

364 3979 480 4043 parare
512 3962 682 4042 possimus.
734 3961 816 4026 Nam
845 3962 931 4043 quod
959 3959 1071 4041 fragm.
1102 3959 1141 4023 19
1173 3959 1275 4041 (apud
1308 3958 1418 4041 Steph.

364 4073 440 4159 Byz.
458 4091 482 4138 a.
499 4093 527 4140 v.
544 4066 842 4160 Ἡμεροσκοπεῖον)
864 4073 984 4139 mentio
1005 4069 1044 4138 fit
1058 4070 1299 4152 Hemerosaopii
1322 4070 1418 4136 etiam
1445 4077 1449 4082 '
