<?xml version="1.0" encoding="UTF-8"?>
<!DOCTYPE html PUBLIC "-//W3C//DTD XHTML 1.0 Transitional//EN"
    "http://www.w3.org/TR/xhtml1/DTD/xhtml1-transitional.dtd">
<html xmlns="http://www.w3.org/1999/xhtml" xml:lang="en" lang="en">
 <head>
  <title>
</title>
<meta http-equiv="Content-Type" content="text/html;charset=utf-8" />
  <meta name='ocr-system' content='tesseract 3.04.00' />
  <meta name='ocr-capabilities' content='ocr_page ocr_carea ocr_par ocr_line ocrx_word'/>
</head>
<body>
  <div class='ocr_page' id='page_1' title='image "./quaestionesstra00rugegoog_0031.png"; bbox 0 0 3300 5018; ppageno 0'>
   <div class='ocr_carea' id='block_1_1' title="bbox 701 385 978 457">
    <p class='ocr_par' dir='ltr' id='par_1_1' title="bbox 701 385 978 457">
     <span class='ocr_line' id='line_1_1' title="bbox 701 385 978 457; baseline 0.004 -1"><span class='ocrx_word' id='word_1_1' title='bbox 701 385 978 457; x_wconf 82' lang='grc' dir='ltr'>Ι--22-</span> 
     </span>
    </p>
   </div>
   <div class='ocr_carea' id='block_1_2' title="bbox 336 553 1399 1649">
    <p class='ocr_par' dir='ltr' id='par_1_2' title="bbox 336 553 1399 1649">
     <span class='ocr_line' id='line_1_2' title="bbox 352 553 1397 650; baseline 0 -26"><span class='ocrx_word' id='word_1_2' title='bbox 352 560 458 629; x_wconf 83' lang='lat' dir='ltr'>verbis</span> <span class='ocrx_word' id='word_1_3' title='bbox 481 560 539 650; x_wconf 78' lang='grc' dir='ltr'>τῆς</span> <span class='ocrx_word' id='word_1_4' title='bbox 560 559 621 646; x_wconf 79' lang='grc' dir='ltr'>μὲν</span> <span class='ocrx_word' id='word_1_5' title='bbox 644 553 698 628; x_wconf 79' lang='grc' dir='ltr'>οὖν</span> <span class='ocrx_word' id='word_1_6' title='bbox 716 554 908 648; x_wconf 83' lang='grc' dir='ltr'><strong><em>Ὠρητανίας</em></strong></span> <span class='ocrx_word' id='word_1_7' title='bbox 928 554 1181 648; x_wconf 78' lang='grc' dir='ltr'><strong><em>κρατιστεύουσό</em></strong></span> <span class='ocrx_word' id='word_1_8' title='bbox 1204 557 1274 625; x_wconf 78' lang='grc' dir='ltr'><strong><em>ἐστι</em></strong></span> <span class='ocrx_word' id='word_1_9' title='bbox 1297 554 1397 638; x_wconf 98' lang='grc' dir='ltr'><strong><em>πόλις</em></strong></span> 
     </span>
     <span class='ocr_line' id='line_1_3' title="bbox 348 667 1397 762; baseline 0 -24"><span class='ocrx_word' id='word_1_10' title='bbox 348 671 549 738; x_wconf 67' lang='grc' dir='ltr'><strong><em>Καστουλιῖν</em></strong></span> <span class='ocrx_word' id='word_1_11' title='bbox 583 672 639 739; x_wconf 82' lang='grc' dir='ltr'>καὶ</span> <span class='ocrx_word' id='word_1_12' title='bbox 665 667 769 762; x_wconf 86' lang='grc' dir='ltr'><strong><em>Ὠριά.</em></strong></span> <span class='ocrx_word' id='word_1_13' title='bbox 835 673 957 752; x_wconf 84' lang='lat' dir='ltr'><strong>Quibus</strong></span> <span class='ocrx_word' id='word_1_14' title='bbox 994 673 1026 738; x_wconf 89' lang='lat' dir='ltr'>in</span> <span class='ocrx_word' id='word_1_15' title='bbox 1056 672 1160 738; x_wconf 88' lang='lat' dir='ltr'>verbis</span> <span class='ocrx_word' id='word_1_16' title='bbox 1200 672 1397 738; x_wconf 75' lang='lat' dir='ltr'>Artemidori</span> 
     </span>
     <span class='ocr_line' id='line_1_4' title="bbox 348 783 1395 866; baseline -0.003 -14"><span class='ocrx_word' id='word_1_17' title='bbox 348 786 483 866; x_wconf 86' lang='lat' dir='ltr'>vestigia</span> <span class='ocrx_word' id='word_1_18' title='bbox 505 787 625 864; x_wconf 90' lang='lat' dir='ltr'>inesse,</span> <span class='ocrx_word' id='word_1_19' title='bbox 648 805 719 851; x_wconf 91' lang='lat' dir='ltr'>cum</span> <span class='ocrx_word' id='word_1_20' title='bbox 741 785 973 851; x_wconf 86' lang='lat' dir='ltr'>Zimmermaun</span> <span class='ocrx_word' id='word_1_21' title='bbox 1003 804 1035 866; x_wconf 91' lang='lat' dir='ltr'>p.</span> <span class='ocrx_word' id='word_1_22' title='bbox 1058 785 1121 850; x_wconf 83' lang='lat'>349</span> <span class='ocrx_word' id='word_1_23' title='bbox 1151 783 1327 850; x_wconf 80' lang='lat' dir='ltr'><strong>rectissime</strong></span> <span class='ocrx_word' id='word_1_24' title='bbox 1349 784 1395 849; x_wconf 94' lang='lat' dir='ltr'>in-</span> 
     </span>
     <span class='ocr_line' id='line_1_5' title="bbox 349 890 1397 979; baseline -0.002 -17"><span class='ocrx_word' id='word_1_25' title='bbox 349 896 507 964; x_wconf 84' lang='lat' dir='ltr'>tellexerit</span> <span class='ocrx_word' id='word_1_26' title='bbox 535 901 719 979; x_wconf 89' lang='lat' dir='ltr'>comparato</span> <span class='ocrx_word' id='word_1_27' title='bbox 742 896 903 978; x_wconf 88' lang='lat' dir='ltr'>Stephano</span> <span class='ocrx_word' id='word_1_28' title='bbox 926 895 1081 977; x_wconf 86' lang='lat' dir='ltr'>Byzantio</span> <span class='ocrx_word' id='word_1_29' title='bbox 1110 913 1133 960; x_wconf 79' lang='lat' dir='ltr'>a.</span> <span class='ocrx_word' id='word_1_30' title='bbox 1158 913 1186 959; x_wconf 92' lang='lat' dir='ltr'>v.</span> <span class='ocrx_word' id='word_1_31' title='bbox 1210 900 1244 960; x_wconf 86' lang='lat' dir='ltr'><strong><em>K</em></strong></span> <span class='ocrx_word' id='word_1_32' title='bbox 1246 890 1397 960; x_wconf 83' lang='grc' dir='ltr'><strong><em>ασταλών</em></strong></span> 
     </span>
     <span class='ocr_line' id='line_1_6' title="bbox 348 1000 1398 1095; baseline -0.002 -23"><span class='ocrx_word' id='word_1_33' title='bbox 348 1014 381 1072; x_wconf 91' lang='lat' dir='ltr'>et</span> <span class='ocrx_word' id='word_1_34' title='bbox 403 1027 427 1074; x_wconf 89' lang='lat' dir='ltr'>s.</span> <span class='ocrx_word' id='word_1_35' title='bbox 443 1027 471 1074; x_wconf 85' lang='lat' dir='ltr'>v.</span> <span class='ocrx_word' id='word_1_36' title='bbox 490 1000 629 1095; x_wconf 85' lang='grc' dir='ltr'><strong><em>Ὠρισίιι,</em></strong></span> <span class='ocrx_word' id='word_1_37' title='bbox 652 1013 753 1075; x_wconf 90' lang='lat' dir='ltr'>totam</span> <span class='ocrx_word' id='word_1_38' title='bbox 776 1009 807 1074; x_wconf 89' lang='lat' dir='ltr'>ci</span> <span class='ocrx_word' id='word_1_39' title='bbox 827 1007 1065 1090; x_wconf 73' lang='lat' dir='ltr'>paragraphum</span> <span class='ocrx_word' id='word_1_40' title='bbox 1089 1005 1253 1087; x_wconf 84' lang='lat' dir='ltr'>adscribit,</span> <span class='ocrx_word' id='word_1_41' title='bbox 1276 1026 1340 1089; x_wconf 90' lang='lat' dir='ltr'>qua</span> <span class='ocrx_word' id='word_1_42' title='bbox 1363 1024 1398 1070; x_wconf 89' lang='lat' dir='ltr'>re</span> 
     </span>
     <span class='ocr_line' id='line_1_7' title="bbox 346 1116 1398 1200; baseline -0.001 -17"><span class='ocrx_word' id='word_1_43' title='bbox 346 1119 418 1200; x_wconf 88' lang='lat' dir='ltr'>ipsa</span> <span class='ocrx_word' id='word_1_44' title='bbox 450 1120 685 1185; x_wconf 87' lang='lat' dir='ltr'>demonstratur</span> <span class='ocrx_word' id='word_1_45' title='bbox 717 1137 779 1185; x_wconf 93' lang='lat' dir='ltr'>non</span> <span class='ocrx_word' id='word_1_46' title='bbox 802 1119 1049 1198; x_wconf 80' lang='lat' dir='ltr'>Artemidorum,</span> <span class='ocrx_word' id='word_1_47' title='bbox 1083 1118 1139 1184; x_wconf 84' lang='lat' dir='ltr'>scd</span> <span class='ocrx_word' id='word_1_48' title='bbox 1173 1116 1270 1184; x_wconf 89' lang='lat' dir='ltr'>alium</span> <span class='ocrx_word' id='word_1_49' title='bbox 1304 1135 1398 1197; x_wconf 90' lang='lat' dir='ltr'>quem</span> 
     </span>
     <span class='ocr_line' id='line_1_8' title="bbox 347 1228 1398 1311; baseline -0.001 -18"><span class='ocrx_word' id='word_1_50' title='bbox 347 1229 462 1311; x_wconf 90' lang='lat' dir='ltr'>peripli</span> <span class='ocrx_word' id='word_1_51' title='bbox 485 1236 645 1298; x_wconf 79' lang='lat' dir='ltr'>auctorem</span> <span class='ocrx_word' id='word_1_52' title='bbox 668 1249 746 1298; x_wconf 87' lang='lat' dir='ltr'>osse.</span> <span class='ocrx_word' id='word_1_53' title='bbox 791 1231 880 1308; x_wconf 84' lang='lat' dir='ltr'>Quae</span> <span class='ocrx_word' id='word_1_54' title='bbox 902 1230 929 1295; x_wconf 88' lang='lat' dir='ltr'>si</span> <span class='ocrx_word' id='word_1_55' title='bbox 952 1229 1166 1311; x_wconf 88' lang='lat' dir='ltr'>accipiuntur,</span> <span class='ocrx_word' id='word_1_56' title='bbox 1190 1228 1314 1292; x_wconf 90' lang='lat' dir='ltr'>omnino</span> <span class='ocrx_word' id='word_1_57' title='bbox 1337 1247 1398 1292; x_wconf 90' lang='lat' dir='ltr'>non</span> 
     </span>
     <span class='ocr_line' id='line_1_9' title="bbox 348 1340 1396 1425; baseline 0.002 -21"><span class='ocrx_word' id='word_1_58' title='bbox 348 1342 563 1422; x_wconf 88' lang='lat' dir='ltr'>quaerendum</span> <span class='ocrx_word' id='word_1_59' title='bbox 587 1348 645 1423; x_wconf 89' lang='lat' dir='ltr'>est,</span> <span class='ocrx_word' id='word_1_60' title='bbox 674 1344 802 1425; x_wconf 87' lang='lat' dir='ltr'>quinam</span> <span class='ocrx_word' id='word_1_61' title='bbox 826 1341 936 1407; x_wconf 88' lang='lat' dir='ltr'>sintii</span> <span class='ocrx_word' id='word_1_62' title='bbox 961 1346 1091 1419; x_wconf 87' lang='lat' dir='ltr'>montes,</span> <span class='ocrx_word' id='word_1_63' title='bbox 1124 1357 1256 1421; x_wconf 90' lang='lat' dir='ltr'>quornm</span> <span class='ocrx_word' id='word_1_64' title='bbox 1279 1340 1396 1406; x_wconf 83' lang='lat' dir='ltr'>Strabo</span> 
     </span>
     <span class='ocr_line' id='line_1_10' title="bbox 347 1451 1396 1533; baseline 0.002 -17"><span class='ocrx_word' id='word_1_65' title='bbox 347 1453 637 1533; x_wconf 86' lang='lat' dir='ltr'>mentionemiacit,</span> <span class='ocrx_word' id='word_1_66' title='bbox 659 1473 730 1520; x_wconf 91' lang='lat' dir='ltr'>cum</span> <span class='ocrx_word' id='word_1_67' title='bbox 748 1452 801 1519; x_wconf 87' lang='lat' dir='ltr'>ille</span> <span class='ocrx_word' id='word_1_68' title='bbox 824 1452 902 1519; x_wconf 90' lang='lat' dir='ltr'>haec</span> <span class='ocrx_word' id='word_1_69' title='bbox 917 1471 955 1518; x_wconf 85' lang='lat' dir='ltr'>ex</span> <span class='ocrx_word' id='word_1_70' title='bbox 976 1457 1104 1518; x_wconf 92' lang='lat' dir='ltr'>auctore</span> <span class='ocrx_word' id='word_1_71' title='bbox 1127 1470 1184 1517; x_wconf 88' lang='lat' dir='ltr'>suo</span> <span class='ocrx_word' id='word_1_72' title='bbox 1207 1451 1396 1518; x_wconf 85' lang='lat' dir='ltr'>adverbum</span> 
     </span>
     <span class='ocr_line' id='line_1_11' title="bbox 336 1565 1399 1649; baseline 0.003 -22"><span class='ocrx_word' id='word_1_73' title='bbox 336 1565 550 1648; x_wconf 77' lang='lat' dir='ltr'>exscripserit</span> <span class='ocrx_word' id='word_1_74' title='bbox 582 1585 682 1649; x_wconf 87' lang='lat' dir='ltr'>neque</span> <span class='ocrx_word' id='word_1_75' title='bbox 705 1566 737 1631; x_wconf 92' lang='lat' dir='ltr'>id</span> <span class='ocrx_word' id='word_1_76' title='bbox 766 1565 934 1644; x_wconf 84' lang='lat' dir='ltr'>curaverit,</span> <span class='ocrx_word' id='word_1_77' title='bbox 967 1571 1004 1629; x_wconf 94' lang='lat' dir='ltr'>ut</span> <span class='ocrx_word' id='word_1_78' title='bbox 1036 1584 1074 1630; x_wconf 87' lang='lat' dir='ltr'>ea</span> <span class='ocrx_word' id='word_1_79' title='bbox 1107 1583 1177 1630; x_wconf 89' lang='lat' dir='ltr'>cum</span> <span class='ocrx_word' id='word_1_80' title='bbox 1210 1565 1399 1630; x_wconf 80' lang='lat' dir='ltr'>mrteceden·</span> 
     </span>
    </p>
   </div>
   <div class='ocr_carea' id='block_1_3' title="bbox 231 1674 670 1758">
    <p class='ocr_par' dir='ltr' id='par_1_3' title="bbox 231 1674 670 1758">
     <span class='ocr_line' id='line_1_12' title="bbox 231 1674 670 1758; baseline 0.014 -22"><span class='ocrx_word' id='word_1_81' title='bbox 231 1686 234 1694; x_wconf 88' lang='lat'><em>·</em></span> <span class='ocrx_word' id='word_1_82' title='bbox 348 1674 433 1740; x_wconf 89' lang='lat' dir='ltr'>tibus</span> <span class='ocrx_word' id='word_1_83' title='bbox 456 1677 670 1758; x_wconf 86' lang='lat' dir='ltr'>coniungeret</span> 
     </span>
    </p>
   </div>
   <div class='ocr_carea' id='block_1_4' title="bbox 265 1768 1433 4103">
    <p class='ocr_par' dir='ltr' id='par_1_4' title="bbox 347 1768 1399 2761">
     <span class='ocr_line' id='line_1_13' title="bbox 433 1768 1398 1858; baseline 0.002 -6"><span class='ocrx_word' id='word_1_84' title='bbox 433 1783 514 1852; x_wconf 82' lang='lat' dir='ltr'>Cum</span> <span class='ocrx_word' id='word_1_85' title='bbox 542 1805 616 1852; x_wconf 80' lang='lat' dir='ltr'>vero</span> <span class='ocrx_word' id='word_1_86' title='bbox 647 1768 905 1858; x_wconf 81' lang='lat' dir='ltr'>constituerimus</span> <span class='ocrx_word' id='word_1_87' title='bbox 936 1787 1124 1854; x_wconf 82' lang='lat' dir='ltr'>Strabonem</span> <span class='ocrx_word' id='word_1_88' title='bbox 1154 1794 1284 1854; x_wconf 88' lang='lat' dir='ltr'>auctore</span> <span class='ocrx_word' id='word_1_89' title='bbox 1316 1789 1398 1854; x_wconf 89' lang='lat' dir='ltr'>anti·</span> 
     </span>
     <span class='ocr_line' id='line_1_14' title="bbox 348 1891 1399 1986; baseline -0.001 -21"><span class='ocrx_word' id='word_1_90' title='bbox 348 1895 457 1978; x_wconf 86' lang='lat' dir='ltr'>quiere</span> <span class='ocrx_word' id='word_1_91' title='bbox 480 1915 572 1965; x_wconf 89' lang='lat' dir='ltr'>usum</span> <span class='ocrx_word' id='word_1_92' title='bbox 596 1918 672 1979; x_wconf 87' lang='lat' dir='ltr'>esse,</span> <span class='ocrx_word' id='word_1_93' title='bbox 695 1899 888 1966; x_wconf 86' lang='lat' dir='ltr'>secernenda</span> <span class='ocrx_word' id='word_1_94' title='bbox 909 1904 985 1965; x_wconf 85' lang='lat' dir='ltr'>sunt</span> <span class='ocrx_word' id='word_1_95' title='bbox 1002 1897 1101 1962; x_wconf 88' lang='lat' dir='ltr'>verba</span> <span class='ocrx_word' id='word_1_96' title='bbox 1121 1893 1176 1962; x_wconf 84' lang='grc' dir='ltr'>καὶ</span> <span class='ocrx_word' id='word_1_97' title='bbox 1199 1897 1251 1962; x_wconf 74' lang='grc' dir='ltr'>νῦν</span> <span class='ocrx_word' id='word_1_98' title='bbox 1273 1891 1333 1986; x_wconf 72' lang='grc' dir='ltr'>ἤδη</span> <span class='ocrx_word' id='word_1_99' title='bbox 1356 1900 1399 1966; x_wconf 88' lang='lat' dir='ltr'>ad</span> 
     </span>
     <span class='ocr_line' id='line_1_15' title="bbox 348 2001 1399 2096; baseline 0.003 -23"><span class='ocrx_word' id='word_1_100' title='bbox 348 2004 607 2096; x_wconf 80' lang='grc' dir='ltr'><strong><em>παρεσκεύασαι.</em></strong></span> <span class='ocrx_word' id='word_1_101' title='bbox 665 2010 836 2076; x_wconf 87' lang='lat' dir='ltr'>Praeterea</span> <span class='ocrx_word' id='word_1_102' title='bbox 864 2001 1002 2077; x_wconf 51' lang='lat' dir='ltr'>¹aliunde</span> <span class='ocrx_word' id='word_1_103' title='bbox 1034 2029 1072 2076; x_wconf 91' lang='lat' dir='ltr'>ea</span> <span class='ocrx_word' id='word_1_104' title='bbox 1101 2010 1253 2092; x_wconf 86' lang='lat' dir='ltr'>originem</span> <span class='ocrx_word' id='word_1_105' title='bbox 1283 2011 1399 2076; x_wconf 91' lang='lat' dir='ltr'>ducere</span> 
     </span>
     <span class='ocr_line' id='line_1_16' title="bbox 348 2115 1397 2206; baseline 0.001 -21"><span class='ocrx_word' id='word_1_106' title='bbox 348 2125 443 2202; x_wconf 84' lang='lat' dir='ltr'>puto,</span> <span class='ocrx_word' id='word_1_107' title='bbox 473 2140 554 2203; x_wconf 86' lang='lat' dir='ltr'>quae</span> <span class='ocrx_word' id='word_1_108' title='bbox 586 2123 778 2188; x_wconf 89' lang='lat' dir='ltr'>antecedunt</span> <span class='ocrx_word' id='word_1_109' title='bbox 800 2123 875 2190; x_wconf 88' lang='lat' dir='ltr'>inde</span> <span class='ocrx_word' id='word_1_110' title='bbox 906 2123 946 2188; x_wconf 85' lang='lat' dir='ltr'>ab</span> <span class='ocrx_word' id='word_1_111' title='bbox 979 2118 1031 2185; x_wconf 75' lang='lat' dir='ltr'>dud</span> <span class='ocrx_word' id='word_1_112' title='bbox 1060 2119 1116 2186; x_wconf 82' lang='grc' dir='ltr'>καὶ</span> <span class='ocrx_word' id='word_1_113' title='bbox 1139 2115 1397 2206; x_wconf 81' lang='grc' dir='ltr'><strong><em>δυσμαχώτατοι,</em></strong></span> 
     </span>
     <span class='ocr_line' id='line_1_17' title="bbox 348 2231 1397 2318; baseline 0 -22"><span class='ocrx_word' id='word_1_114' title='bbox 348 2250 419 2296; x_wconf 93' lang='lat' dir='ltr'>cum</span> <span class='ocrx_word' id='word_1_115' title='bbox 441 2231 472 2296; x_wconf 93' lang='lat' dir='ltr'>in</span> <span class='ocrx_word' id='word_1_116' title='bbox 489 2231 613 2315; x_wconf 88' lang='lat' dir='ltr'>reliqua</span> <span class='ocrx_word' id='word_1_117' title='bbox 634 2234 830 2317; x_wconf 86' lang='lat' dir='ltr'>paragraphi</span> <span class='ocrx_word' id='word_1_118' title='bbox 846 2240 938 2318; x_wconf 89' lang='lat' dir='ltr'>parte</span> <span class='ocrx_word' id='word_1_119' title='bbox 961 2234 1004 2298; x_wconf 92' lang='lat' dir='ltr'>nii</span> <span class='ocrx_word' id='word_1_120' title='bbox 1022 2233 1082 2298; x_wconf 88' lang='lat' dir='ltr'>nisi</span> <span class='ocrx_word' id='word_1_121' title='bbox 1097 2234 1222 2298; x_wconf 91' lang='lat' dir='ltr'>nomina</span> <span class='ocrx_word' id='word_1_122' title='bbox 1245 2233 1397 2314; x_wconf 87' lang='lat' dir='ltr'>gentium,</span> 
     </span>
     <span class='ocr_line' id='line_1_18' title="bbox 348 2342 1396 2428; baseline 0.006 -23"><span class='ocrx_word' id='word_1_123' title='bbox 348 2342 679 2423; x_wconf 83' lang='lat' dir='ltr'>urbium,fiuvioru1n</span> <span class='ocrx_word' id='word_1_124' title='bbox 702 2344 860 2428; x_wconf 90' lang='lat' dir='ltr'>legantur.</span> <span class='ocrx_word' id='word_1_125' title='bbox 905 2345 1002 2412; x_wconf 84' lang='lat' dir='ltr'>Cuius</span> <span class='ocrx_word' id='word_1_126' title='bbox 1025 2344 1236 2412; x_wconf 88' lang='lat' dir='ltr'>additamenti</span> <span class='ocrx_word' id='word_1_127' title='bbox 1258 2345 1396 2428; x_wconf 87' lang='lat' dir='ltr'>priorem</span> 
     </span>
     <span class='ocr_line' id='line_1_19' title="bbox 347 2454 1395 2539; baseline 0.001 -19"><span class='ocrx_word' id='word_1_128' title='bbox 347 2461 471 2536; x_wconf 89' lang='lat' dir='ltr'>partem</span> <span class='ocrx_word' id='word_1_129' title='bbox 495 2454 617 2536; x_wconf 88' lang='lat' dir='ltr'>Polybii</span> <span class='ocrx_word' id='word_1_130' title='bbox 642 2474 719 2536; x_wconf 87' lang='lat' dir='ltr'>esse,</span> <span class='ocrx_word' id='word_1_131' title='bbox 741 2457 837 2538; x_wconf 92' lang='lat' dir='ltr'>paulo</span> <span class='ocrx_word' id='word_1_132' title='bbox 859 2455 940 2521; x_wconf 84' lang='lat' dir='ltr'>inira</span> <span class='ocrx_word' id='word_1_133' title='bbox 964 2461 1007 2539; x_wconf 83' lang='lat' dir='ltr'>(p.</span> <span class='ocrx_word' id='word_1_134' title='bbox 1030 2456 1086 2537; x_wconf 86' lang='lat'>30)</span> <span class='ocrx_word' id='word_1_135' title='bbox 1110 2456 1395 2537; x_wconf 84' lang='lat' dir='ltr'>demonstrabitur3</span> 
     </span>
     <span class='ocr_line' id='line_1_20' title="bbox 347 2565 1397 2646; baseline 0.003 -16"><span class='ocrx_word' id='word_1_136' title='bbox 347 2566 504 2645; x_wconf 87' lang='lat' dir='ltr'>posterior</span> <span class='ocrx_word' id='word_1_137' title='bbox 518 2573 625 2631; x_wconf 91' lang='lat' dir='ltr'>autem</span> <span class='ocrx_word' id='word_1_138' title='bbox 648 2587 687 2632; x_wconf 85' lang='lat' dir='ltr'>cx</span> <span class='ocrx_word' id='word_1_139' title='bbox 709 2565 795 2633; x_wconf 86' lang='lat' dir='ltr'>fonte</span> <span class='ocrx_word' id='word_1_140' title='bbox 813 2569 986 2635; x_wconf 84' lang='lat' dir='ltr'>recentiore</span> <span class='ocrx_word' id='word_1_141' title='bbox 1008 2565 1108 2646; x_wconf 81' lang='lat' dir='ltr'>fluxit,</span> <span class='ocrx_word' id='word_1_142' title='bbox 1131 2567 1171 2632; x_wconf 88' lang='lat' dir='ltr'>dc</span> <span class='ocrx_word' id='word_1_143' title='bbox 1186 2568 1274 2632; x_wconf 89' lang='lat' dir='ltr'>cuius</span> <span class='ocrx_word' id='word_1_144' title='bbox 1289 2573 1397 2634; x_wconf 86' lang='lat' dir='ltr'>aetate</span> 
     </span>
     <span class='ocr_line' id='line_1_21' title="bbox 348 2677 1100 2761; baseline 0.003 -19"><span class='ocrx_word' id='word_1_145' title='bbox 348 2677 428 2742; x_wconf 87' lang='lat' dir='ltr'>certi</span> <span class='ocrx_word' id='word_1_146' title='bbox 451 2677 622 2759; x_wconf 87' lang='lat' dir='ltr'>quidquam</span> <span class='ocrx_word' id='word_1_147' title='bbox 646 2679 782 2744; x_wconf 89' lang='lat' dir='ltr'>nondum</span> <span class='ocrx_word' id='word_1_148' title='bbox 806 2677 963 2744; x_wconf 89' lang='lat' dir='ltr'>enucleari</span> <span class='ocrx_word' id='word_1_149' title='bbox 985 2684 1100 2761; x_wconf 86' lang='lat' dir='ltr'>potest</span> 
     </span>
    </p>

    <p class='ocr_par' dir='ltr' id='par_1_5' title="bbox 348 2788 1399 3211">
     <span class='ocr_line' id='line_1_22' title="bbox 433 2788 1398 2874; baseline 0.004 -21"><span class='ocrx_word' id='word_1_150' title='bbox 433 2788 499 2853; x_wconf 90' lang='lat' dir='ltr'>Inm</span> <span class='ocrx_word' id='word_1_151' title='bbox 512 2789 684 2874; x_wconf 87' lang='lat' dir='ltr'>adiungam</span> <span class='ocrx_word' id='word_1_152' title='bbox 692 2791 732 2856; x_wconf 91' lang='lat' dir='ltr'>de</span> <span class='ocrx_word' id='word_1_153' title='bbox 745 2790 785 2858; x_wconf 86' lang='lat' dir='ltr'>iis</span> <span class='ocrx_word' id='word_1_154' title='bbox 793 2791 869 2873; x_wconf 91' lang='lat' dir='ltr'>quid</span> <span class='ocrx_word' id='word_1_155' title='bbox 878 2789 1064 2870; x_wconf 84' lang='lat' dir='ltr'>existimem,</span> <span class='ocrx_word' id='word_1_156' title='bbox 1076 2809 1156 2872; x_wconf 90' lang='lat' dir='ltr'>quae</span> <span class='ocrx_word' id='word_1_157' title='bbox 1164 2790 1398 2858; x_wconf 86' lang='lat' dir='ltr'>Zimmermann</span> 
     </span>
     <span class='ocr_line' id='line_1_23' title="bbox 348 2898 1398 2986; baseline 0.004 -22"><span class='ocrx_word' id='word_1_158' title='bbox 348 2919 379 2981; x_wconf 91' lang='lat' dir='ltr'>p.</span> <span class='ocrx_word' id='word_1_159' title='bbox 402 2898 465 2964; x_wconf 85' lang='grc'>352</span> <span class='ocrx_word' id='word_1_160' title='bbox 489 2918 536 2981; x_wconf 87' lang='lat' dir='ltr'>sq.</span> <span class='ocrx_word' id='word_1_161' title='bbox 560 2900 599 2966; x_wconf 88' lang='lat' dir='ltr'>de</span> <span class='ocrx_word' id='word_1_162' title='bbox 622 2901 743 2970; x_wconf 91' lang='lat' dir='ltr'>ultimis</span> <span class='ocrx_word' id='word_1_163' title='bbox 765 2901 859 2968; x_wconf 87' lang='lat' dir='ltr'>huius</span> <span class='ocrx_word' id='word_1_164' title='bbox 881 2901 1076 2986; x_wconf 84' lang='lat' dir='ltr'>paragraphi</span> <span class='ocrx_word' id='word_1_165' title='bbox 1101 2901 1251 2968; x_wconf 87' lang='lat' dir='ltr'>disseruit</span> <span class='ocrx_word' id='word_1_166' title='bbox 1273 2903 1398 2968; x_wconf 86' lang='lat' dir='ltr'>verbis:</span> 
     </span>
     <span class='ocr_line' id='line_1_24' title="bbox 350 3003 1399 3098; baseline 0.007 -24"><span class='ocrx_word' id='word_1_167' title='bbox 350 3009 407 3097; x_wconf 75' lang='grc' dir='ltr'>τῆς</span> <span class='ocrx_word' id='word_1_168' title='bbox 428 3008 489 3095; x_wconf 81' lang='grc' dir='ltr'>μὲν</span> <span class='ocrx_word' id='word_1_169' title='bbox 503 3003 559 3076; x_wconf 75' lang='grc' dir='ltr'>οὖν</span> <span class='ocrx_word' id='word_1_170' title='bbox 570 3005 762 3098; x_wconf 63' lang='grc' dir='ltr'><strong><em>Ὠριγιανίας</em></strong></span> <span class='ocrx_word' id='word_1_171' title='bbox 775 3008 1033 3094; x_wconf 77' lang='grc' dir='ltr'><strong><em>κρατιστεύουσό</em></strong></span> <span class='ocrx_word' id='word_1_172' title='bbox 1047 3009 1117 3077; x_wconf 81' lang='grc' dir='ltr'><strong><em>ἐστι</em></strong></span> <span class='ocrx_word' id='word_1_173' title='bbox 1132 3006 1232 3089; x_wconf 88' lang='grc' dir='ltr'><strong><em>πόλις</em></strong></span> <span class='ocrx_word' id='word_1_174' title='bbox 1248 3018 1399 3080; x_wconf 72' lang='grc' dir='ltr'><strong><em>Καστορ-</em></strong></span> 
     </span>
     <span class='ocr_line' id='line_1_25' title="bbox 351 3115 1399 3211; baseline 0.005 -26"><span class='ocrx_word' id='word_1_175' title='bbox 351 3118 414 3186; x_wconf 80' lang='grc' dir='ltr'>λών</span> <span class='ocrx_word' id='word_1_176' title='bbox 428 3121 485 3188; x_wconf 80' lang='grc' dir='ltr'>καὶ</span> <span class='ocrx_word' id='word_1_177' title='bbox 496 3115 600 3211; x_wconf 86' lang='grc' dir='ltr'><strong><em>Ὠρία.</em></strong></span> <span class='ocrx_word' id='word_1_178' title='bbox 646 3125 734 3203; x_wconf 85' lang='lat' dir='ltr'>Quae</span> <span class='ocrx_word' id='word_1_179' title='bbox 749 3129 785 3189; x_wconf 91' lang='lat' dir='ltr'>ut</span> <span class='ocrx_word' id='word_1_180' title='bbox 805 3123 916 3190; x_wconf 85' lang='lat' dir='ltr'>melius</span> <span class='ocrx_word' id='word_1_181' title='bbox 932 3125 1164 3208; x_wconf 88' lang='lat' dir='ltr'>intellegamus,</span> <span class='ocrx_word' id='word_1_182' title='bbox 1186 3125 1399 3206; x_wconf 89' lang='lat' dir='ltr'>comparanda</span> 
     </span>
    </p>

    <p class='ocr_par' dir='ltr' id='par_1_6' title="bbox 265 3223 1433 4103">
     <span class='ocr_line' id='line_1_26' title="bbox 325 3223 1398 3319; baseline 0.001 -20"><span class='ocrx_word' id='word_1_183' title='bbox 325 3223 427 3299; x_wconf 63' lang='lat' dir='ltr'>&#39;sunt</span> <span class='ocrx_word' id='word_1_184' title='bbox 449 3235 643 3300; x_wconf 84' lang='lat' dir='ltr'>Artemidori</span> <span class='ocrx_word' id='word_1_185' title='bbox 673 3234 852 3316; x_wconf 87' lang='lat' dir='ltr'>fragmenta</span> <span class='ocrx_word' id='word_1_186' title='bbox 882 3236 968 3319; x_wconf 92' lang='lat' dir='ltr'>apud</span> <span class='ocrx_word' id='word_1_187' title='bbox 993 3234 1102 3318; x_wconf 84' lang='lat' dir='ltr'>Steph.</span> <span class='ocrx_word' id='word_1_188' title='bbox 1125 3236 1201 3319; x_wconf 86' lang='lat' dir='ltr'><strong>Byz.</strong></span> <span class='ocrx_word' id='word_1_189' title='bbox 1223 3254 1248 3301; x_wconf 79' lang='lat' dir='ltr'>s,</span> <span class='ocrx_word' id='word_1_190' title='bbox 1271 3257 1300 3302; x_wconf 88' lang='lat' dir='ltr'>v.</span> <span class='ocrx_word' id='word_1_191' title='bbox 1322 3241 1398 3300; x_wconf 84' lang='grc' dir='ltr'>Κα-</span> 
     </span>
     <span class='ocr_line' id='line_1_27' title="bbox 352 3339 1398 3436; baseline 0.005 -28"><span class='ocrx_word' id='word_1_192' title='bbox 352 3339 480 3410; x_wconf 63' lang='lat' dir='ltr'>accub</span> <span class='ocrx_word' id='word_1_193' title='bbox 511 3359 654 3412; x_wconf 86' lang='lat' dir='ltr'>servata:</span> <span class='ocrx_word' id='word_1_194' title='bbox 682 3342 818 3433; x_wconf 77' lang='grc' dir='ltr'><em>μεγίστη</em></span> <span class='ocrx_word' id='word_1_195' title='bbox 840 3344 939 3424; x_wconf 90' lang='grc' dir='ltr'><strong><em>πόλις</em></strong></span> <span class='ocrx_word' id='word_1_196' title='bbox 957 3339 1158 3432; x_wconf 81' lang='grc' dir='ltr'><strong><em>Ὠρητανίας,</em></strong></span> <span class='ocrx_word' id='word_1_197' title='bbox 1180 3339 1398 3436; x_wconf 78' lang='grc' dir='ltr'><strong><em>ὡςἈρτεμί-</em></strong></span> 
     </span>
     <span class='ocr_line' id='line_1_28' title="bbox 350 3449 1319 3545; baseline 0.001 -23"><span class='ocrx_word' id='word_1_198' title='bbox 350 3457 455 3543; x_wconf 80' lang='grc' dir='ltr'><strong><em>δωρος</em></strong></span> <span class='ocrx_word' id='word_1_199' title='bbox 495 3453 595 3544; x_wconf 80' lang='grc' dir='ltr'><strong><em>τρίτῳ</em></strong></span> <span class='ocrx_word' id='word_1_200' title='bbox 633 3454 927 3544; x_wconf 77' lang='grc' dir='ltr'><strong><em>γεωγραφουμέτων</em></strong></span> <span class='ocrx_word' id='word_1_201' title='bbox 943 3507 975 3524; x_wconf 92' lang='grc'>..</span> <span class='ocrx_word' id='word_1_202' title='bbox 1015 3464 1048 3524; x_wconf 85' lang='lat' dir='ltr'>et</span> <span class='ocrx_word' id='word_1_203' title='bbox 1078 3475 1103 3522; x_wconf 80' lang='lat' dir='ltr'>S.</span> <span class='ocrx_word' id='word_1_204' title='bbox 1133 3478 1162 3524; x_wconf 89' lang='lat' dir='ltr'>v.</span> <span class='ocrx_word' id='word_1_205' title='bbox 1188 3449 1319 3545; x_wconf 84' lang='grc' dir='ltr'><strong><em>Ὠρισία</em></strong></span> 
     </span>
     <span class='ocr_line' id='line_1_29' title="bbox 345 3562 1400 3656; baseline 0.003 -25"><span class='ocrx_word' id='word_1_206' title='bbox 345 3562 595 3654; x_wconf 78' lang='grc' dir='ltr'><strong><em>Ἀρτεμίδωρος</em></strong></span> <span class='ocrx_word' id='word_1_207' title='bbox 627 3566 661 3634; x_wconf 79' lang='grc' dir='ltr'>ἓν</span> <span class='ocrx_word' id='word_1_208' title='bbox 693 3567 832 3656; x_wconf 79' lang='grc' dir='ltr'><strong><em>δειτέρρι</em></strong></span> <span class='ocrx_word' id='word_1_209' title='bbox 868 3566 1161 3656; x_wconf 72' lang='grc' dir='ltr'><strong><em>γεωγραφουμένων</em></strong></span> <span class='ocrx_word' id='word_1_210' title='bbox 1176 3618 1183 3634; x_wconf 92' lang='grc'><strong>.</strong></span> <span class='ocrx_word' id='word_1_211' title='bbox 1201 3619 1232 3634; x_wconf 91' lang='grc'>..</span> <span class='ocrx_word' id='word_1_212' title='bbox 1266 3572 1400 3656; x_wconf 81' lang='grc' dir='ltr'><strong><em>πρῶτον</em></strong></span> 
     </span>
     <span class='ocr_line' id='line_1_30' title="bbox 349 3671 1398 3769; baseline 0.002 -25"><span class='ocrx_word' id='word_1_213' title='bbox 349 3676 409 3764; x_wconf 79' lang='grc' dir='ltr'>μὲν</span> <span class='ocrx_word' id='word_1_214' title='bbox 428 3671 609 3764; x_wconf 81' lang='grc' dir='ltr'><strong><em>Ὠριταιοί,</em></strong></span> <span class='ocrx_word' id='word_1_215' title='bbox 641 3674 759 3757; x_wconf 86' lang='grc' dir='ltr'><strong><em>πόλεις</em></strong></span> <span class='ocrx_word' id='word_1_216' title='bbox 781 3672 814 3744; x_wconf 84' lang='lat' dir='ltr'>d&#39;</span> <span class='ocrx_word' id='word_1_217' title='bbox 841 3677 875 3746; x_wconf 81' lang='grc' dir='ltr'>ἐν</span> <span class='ocrx_word' id='word_1_218' title='bbox 898 3673 1096 3759; x_wconf 66' lang='lat' dir='ltr'>abroserint</span> <span class='ocrx_word' id='word_1_219' title='bbox 1118 3675 1258 3766; x_wconf 70' lang='grc' dir='ltr'><strong><em>μεγάλαι</em></strong></span> <span class='ocrx_word' id='word_1_220' title='bbox 1283 3673 1398 3769; x_wconf 84' lang='grc' dir='ltr'><strong><em>Ὀρσίιι</em></strong></span> 
     </span>
     <span class='ocr_line' id='line_1_31' title="bbox 350 3786 1401 3875; baseline 0.006 -21"><span class='ocrx_word' id='word_1_221' title='bbox 350 3787 407 3855; x_wconf 83' lang='grc' dir='ltr'>καὶ</span> <span class='ocrx_word' id='word_1_222' title='bbox 429 3786 623 3857; x_wconf 82' lang='grc' dir='ltr'><strong><em>Κασταλών.</em></strong></span> <span class='ocrx_word' id='word_1_223' title='bbox 668 3793 730 3872; x_wconf 84' lang='lat' dir='ltr'>Qui</span> <span class='ocrx_word' id='word_1_224' title='bbox 759 3791 818 3859; x_wconf 91' lang='lat' dir='ltr'>loci</span> <span class='ocrx_word' id='word_1_225' title='bbox 848 3793 926 3858; x_wconf 89' lang='lat' dir='ltr'>duas</span> <span class='ocrx_word' id='word_1_226' title='bbox 957 3793 1112 3875; x_wconf 89' lang='lat' dir='ltr'>praebent</span> <span class='ocrx_word' id='word_1_227' title='bbox 1135 3791 1337 3874; x_wconf 80' lang='lat' dir='ltr'>oiiensionm,</span> <span class='ocrx_word' id='word_1_228' title='bbox 1366 3799 1401 3860; x_wconf 91' lang='lat' dir='ltr'>et</span> 
     </span>
     <span class='ocr_line' id='line_1_32' title="bbox 350 3899 1433 3990; baseline 0.006 -24"><span class='ocrx_word' id='word_1_229' title='bbox 350 3902 434 3984; x_wconf 89' lang='lat' dir='ltr'>quod</span> <span class='ocrx_word' id='word_1_230' title='bbox 458 3901 572 3969; x_wconf 82' lang='lat' dir='ltr'>Strabo</span> <span class='ocrx_word' id='word_1_231' title='bbox 602 3910 676 3986; x_wconf 87' lang='lat' dir='ltr'>post</span> <span class='ocrx_word' id='word_1_232' title='bbox 705 3905 803 3971; x_wconf 88' lang='lat' dir='ltr'>verba</span> <span class='ocrx_word' id='word_1_233' title='bbox 831 3899 1086 3990; x_wconf 78' lang='grc' dir='ltr'><strong><em>ιρατιστεόουσά</em></strong></span> <span class='ocrx_word' id='word_1_234' title='bbox 1114 3901 1185 3968; x_wconf 81' lang='grc' dir='ltr'><strong><em>ἐστι</em></strong></span> <span class='ocrx_word' id='word_1_235' title='bbox 1209 3901 1308 3982; x_wconf 87' lang='grc' dir='ltr'><strong><em>πόλις</em></strong></span> <span class='ocrx_word' id='word_1_236' title='bbox 1337 3925 1399 3972; x_wconf 91' lang='lat' dir='ltr'>non</span> <span class='ocrx_word' id='word_1_237' title='bbox 1431 3913 1433 3918; x_wconf 80' lang='grc'>’</span> 
     </span>
     <span class='ocr_line' id='line_1_33' title="bbox 265 4015 1400 4103; baseline 0.008 -26"><span class='ocrx_word' id='word_1_238' title='bbox 265 4064 267 4068; x_wconf 92' lang='grc'><em>.</em></span> <span class='ocrx_word' id='word_1_239' title='bbox 349 4032 462 4098; x_wconf 86' lang='lat' dir='ltr'>unam,</span> <span class='ocrx_word' id='word_1_240' title='bbox 495 4015 551 4084; x_wconf 88' lang='lat' dir='ltr'>sed</span> <span class='ocrx_word' id='word_1_241' title='bbox 582 4015 664 4086; x_wconf 84' lang='lat' dir='ltr'>duas</span> <span class='ocrx_word' id='word_1_242' title='bbox 693 4017 789 4086; x_wconf 90' lang='lat' dir='ltr'>urbes</span> <span class='ocrx_word' id='word_1_243' title='bbox 821 4022 1000 4102; x_wconf 88' lang='lat' dir='ltr'>enumerat,</span> <span class='ocrx_word' id='word_1_244' title='bbox 1032 4021 1065 4084; x_wconf 91' lang='lat' dir='ltr'>et</span> <span class='ocrx_word' id='word_1_245' title='bbox 1099 4017 1183 4101; x_wconf 92' lang='lat' dir='ltr'>quod</span> <span class='ocrx_word' id='word_1_246' title='bbox 1218 4015 1400 4103; x_wconf 82' lang='lat' dir='ltr'>Stephanus</span> 
     </span>
    </p>
   </div>
   <div class='ocr_carea' id='block_1_5' title="bbox 0 0 1657 5018">
    <p class='ocr_par' dir='ltr' id='par_1_7' title="bbox 0 0 1657 5018">
     <span class='ocr_line' id='line_1_34' title="bbox 0 0 1657 5018; baseline 0 0"><span class='ocrx_word' id='word_1_247' title='bbox 0 0 1657 5018; x_wconf 95' lang='lat' dir='ltr'> </span> 
     </span>
    </p>
   </div>
  </div>
 </body>
</html>
