3292 5006
674 407 800 472 ,99
847 445 885 454 ...

256 564 360 636 τᾶλλα
381 571 417 638 δὲ
440 571 594 661 ἐμφερεῖς
616 578 687 652 τοῖς
709 571 830 660 νομάσι
853 577 917 641 τῶν
936 570 1089 663 Ἀράβων
1112 584 1144 644 ct
1166 576 1221 647 καὶ
1242 575 1304 665 μοι’-

163 707 164 710 “
257 683 352 748 λιστα
376 683 461 769 πρὸς
483 689 554 763 τοῖς
575 683 735 772 Αἰθίοψι
764 689 934 770 respicitur
956 692 998 755 ad
1030 690 1156 755 illorum
1174 693 1305 772 populo·

257 815 325 859 rum
343 796 593 879 descriptionem,
618 817 713 880 quam
732 799 847 864 Strabo
862 801 902 866 ah
919 802 1122 866 Artemidoro
1139 804 1305 886 depromp-

256 912 360 987 serat,
390 907 474 973 hane
493 911 682 975 sententiam
708 930 766 974 non
790 913 869 977 satis
897 918 1013 978 tuetur.
1059 913 1169 997 Altera
1198 921 1304 980 autem

187 1069 191 1076 .
257 1037 294 1082 ex
310 1027 402 1100 parte
416 1039 461 1100 eo,
484 1024 567 1103 quod
584 1021 685 1088 forma
703 1023 883 1104 Γαιτοῦλοι,
907 1043 965 1089 non
984 1019 1147 1090 Γαιτύλιοι
1161 1031 1197 1090 ut
1211 1029 1305 1090 Arte·

257 1131 398 1196 midcrus
420 1140 608 1216 usurpatur,
633 1155 692 1200 non
717 1141 844 1201 strenue
868 1136 1106 1202 demonstratur
1128 1137 1211 1201 hunc
1233 1156 1306 1218 geo-

257 1243 413 1326 graphum
442 1264 502 1310 non
526 1245 705 1312 adhibitum
729 1264 805 1312 esse.
850 1248 935 1328 Ergo
964 1268 1014 1314 res
1043 1248 1147 1314 adhuc
1177 1248 1234 1314 sub
1258 1249 1306 1312 iu-

258 1356 326 1421 dice
350 1361 408 1420 est.

222 1501 224 1506 ·
342 1467 431 1534 Haec
461 1467 575 1547 habui,
606 1469 645 1534 de
675 1468 815 1536 fontibus
847 1469 1045 1535 eStrahone
1074 1472 1105 1536 in
1137 1472 1226 1537 librIs
1248 1473 1306 1551 ΙΙΙ,

256 1577 340 1657 XVI,
362 1578 455 1643 XVII
485 1579 638 1646 adhibitis
667 1601 748 1664 qnae
779 1583 932 1662 dicerem,
952 1568 1094 1664 'totaque
1123 1584 1307 1666 quaestione

257 1688 413 1755 adfinem
437 1692 592 1773 perducta
615 1692 802 1772 subiungam
835 1691 873 1757 fr.
897 1694 940 1759 90
962 1693 1172 1775 Artemidori,
1202 1695 1306 1775 prins·

257 1819 362 1883 quam,
386 1819 465 1883 quas
480 1803 591 1868 horum
614 1803 765 1868 librorum
791 1797 898 1884 partes
921 1813 1008 1894 certo
1025 1806 1147 1870 auctori
1169 1805 1307 1886 imputa-

257 1913 371 1997 verim,
403 1915 506 1980 indice
536 1916 746 1997 pronuntiem.
791 1916 828 1980 Id
859 1915 941 1981 enim
964 1915 1193 1998 fragmentum,
1223 1917 1307 1998 quod

257 2024 357 2089 solum
382 2027 413 2090 in
437 2027 543 2092 codice
567 2031 728 2108 servatur,
759 2046 818 2094 non
849 2026 932 2092 libro
959 2027 1042 2092 alius
1065 2029 1230 2109 scriptoris
1252 2047 1308 2092 an·

257 2137 339 2218 tiqui
362 2138 514 2202 insertum
539 2139 579 2202 ad
604 2148 742 2203 nostram
767 2141 905 2203 aetatem
927 2138 1088 2220 pervenit,
1121 2139 1308 2220 Rudolphus

259 2248 382 2314 Schoeii
399 2250 638 2315 accuratissime
653 2249 791 2315 excussit
813 2256 855 2331 et,
878 2250 993 2331 quibus
1015 2249 1091 2315 locis
1115 2249 1235 2314 Stiehle
1251 2251 1270 2314 Ι.
1287 2250 1306 2314 Ι.

259 2380 278 2424 a
308 2355 426 2426 codIcIs
456 2361 615 2443 scriptura
637 2361 865 2441 aberravisset,
894 2381 952 2444 pro
976 2361 1129 2439 singulari
1160 2379 1219 2426 sua
1247 2361 1307 2426 hn-

259 2463 412 2538 manitate
442 2491 563 2538 mecum
595 2468 846 2538 communicant.
893 2472 1054 2553 Adscripsi
1086 2472 1307 2538 Eratosthenis

258 2582 296 2648 fr.
319 2585 375 2648 III.
399 2585 434 2649 B.
453 2585 492 2650 51
527 2585 646 2681 Bergan
674 2586 739 2666 (ap.
763 2583 867 2650 Strab.
889 2583 991 2648 XVII.
1016 2586 1044 2664 i,
1067 2583 1087 2648 2
1110 2603 1140 2664 p.
1159 2581 1220 2648 786
1246 2583 1307 2668 (h),
1364 2577 1366 2580 ⁵
1489 2531 1490 2534 Ἴ

260 2713 330 2760 cum
359 2695 433 2761 inde
461 2695 531 2761 lucc
562 2695 678 2761 clarius
708 2696 750 2760 sit
772 2695 1008 2760 Artemidorum
1040 2695 1071 2759 in
1095 2694 1167 2758 Nilo
1190 2694 1307 2760 descri-

259 2805 361 2871 bendo
383 2807 605 2872 Eratosthenis
628 2807 763 2890 vestigia
782 2808 906 2890 legisse.

345 2918 404 2984 Vel
427 2919 500 2983 inde
523 2919 652 2984 dubium
675 2917 729 3000 fit,
759 2939 833 2985 num
856 2919 897 2982 ad
921 2918 1146 2984 enucleandum
1170 2917 1307 2980 Artemi·

260 3028 329 3093 dori
360 3048 459 3110 genus
490 3030 615 3097 dinendi
646 3049 780 3112 magnus
810 3028 933 3095 fructus
971 3049 1010 3094 ex
1041 3029 1098 3094 hoc
1130 3027 1307 3108 fragmento

259 3140 379 3223 percipi
402 3141 520 3224 possit,
550 3142 607 3207 sed
637 3161 737 3224 paene
760 3141 895 3224 eripitur
917 3159 990 3223 spes
1012 3140 1182 3205 accedente
1205 3138 1308 3204 altera

259 3270 302 3317 re.
347 3251 477 3318 Curtius
507 3253 589 3318 enim
613 3251 820 3318 Wachsmnth
853 3251 1000 3334 coguovit
1023 3251 1125 3316 multa
1147 3251 1178 3315 in
1201 3270 1238 3317 eo
1260 3250 1306 3314 in·
1366 3245 1370 3254 '

259 3381 329 3428 esse
351 3357 500 3444 vestigia,
530 3365 644 3445 quibus
667 3364 802 3429 scribam
824 3364 981 3446 quendam
1005 3363 1216 3443 Byzantinum
1240 3380 1308 3426 sae-

259 3475 331 3557 pius
352 3476 449 3541 verba
472 3481 628 3555 mutasse,
650 3475 810 3556 omisisse,
833 3475 998 3541 enuntIata
1021 3476 1203 3539 decurtasse
1226 3473 1308 3537 indi·

259 3592 359 3666 catur,
392 3591 429 3651 ut
451 3588 643 3668 excerpsisse
666 3588 781 3669 potius,
803 3605 897 3669 quam
923 3585 1129 3666 descripsisse
1152 3585 1308 3649 videatur.

259 3698 402 3780 Apparet
423 3697 506 3764 enim
527 3698 759 3762 Artemidorum
784 3717 843 3762 non
860 3703 925 3762 tam
942 3697 1074 3762 obscure
1090 3697 1217 3776 dixisse,
1239 3696 1308 3776 qui·
1391 3693 1393 3699 '

260 3829 332 3876 nam
371 3810 436 3875 sint
466 3809 514 3874 ilii
551 3809 712 3891 homines,
744 3828 822 3891 quos
860 3814 1027 3890 sequatur,
1060 3815 1096 3872 ut
1127 3826 1154 3870 v.
1180 3807 1236 3884 18,
1269 3807 1307 3871 19

261 3921 366 3988 verbis
382 3918 485 4008 φασὶν
507 3911 562 3987 οὖν
584 3925 617 3986 et
639 3939 667 3987 v,
688 3921 738 3986 31.
755 3914 786 3983 οἱ
810 3918 962 3984 πλεῖστοι
983 3917 1040 3983 τοῦ
1062 3912 1186 4001 κόσμου
1209 3912 1309 4000 σοφοί

260 4052 395 4115 eumque
416 4054 445 4100 v.
470 4033 520 4099 25.
544 4051 602 4114 pro
629 4027 663 4097 ἔν
684 4053 748 4096 τινι
769 4026 863 4116 τόπῳ
892 4035 925 4096 et
956 4050 985 4096 v.
1008 4031 1059 4096 30.
1081 4047 1140 4111 pro
1163 4021 1181 4091 ὁ
1202 4022 1307 4106 τόπος

820 4135 822 4144 ι
1066 4139 1103 4197 7*
