3300 5018
667 429 880 497 ..15-

252 622 281 668 n.
297 621 316 668 a
332 601 499 668 Lusitania
522 601 707 668 distinctam
730 619 808 682 esse,
831 601 1036 666 statuendum
1060 604 1109 666 est
1126 590 1304 681 auctorem,

250 715 300 781 cui
332 713 448 780 Strabo
479 711 637 796 periplum
667 712 778 794 debet,
810 718 885 778 ante
927 713 1010 778 hunc
1039 731 1156 777 annum
1186 713 1303 779 librum

251 826 438 892 condidisse.
483 825 611 890 Falsam
626 832 734 891 autem
757 831 835 906 puto
851 823 1004 890 Haebleri
1026 824 1227 904 sententiam,
1250 825 1304 906 qui

250 938 270 1002 l.
292 937 312 1004 l.
336 957 366 1019 p.
390 937 448 1014 21,
471 937 556 1017 quod
580 935 695 1002 Strabo
728 937 768 1001 de
790 936 958 1002 Lusitania
992 955 1012 1001 a
1034 935 1304 1018 septentrionibus

249 1067 365 1115 oceano
387 1054 476 1115 meta
497 1054 618 1128 narrat,
648 1048 690 1113 ad
714 1048 889 1130 Agrippam
921 1048 1025 1112 redire
1048 1048 1135 1126 dicit,
1158 1067 1231 1113 nam
1254 1066 1303 1113 se-

250 1161 389 1226 cundum
413 1160 496 1227 hune
512 1159 672 1226 Callaecia
694 1166 727 1225 et
744 1159 875 1225 Asturia
899 1177 957 1225 non
982 1164 1091 1239 partes
1106 1158 1302 1240 Lusitaniae,

145 1325 149 1332 .
250 1272 306 1336 sed
331 1273 517 1338 coniunctae
540 1277 665 1337 tantum
688 1289 758 1338 eum
783 1290 820 1335 ea
842 1269 981 1352 fuerunt,
1011 1271 1057 1336 ita
1079 1276 1116 1335 ut
1139 1270 1303 1336 Lusitania

250 1383 317 1448 sola
339 1384 381 1448 ad
404 1383 556 1462 Durium,
588 1400 648 1447 non
672 1383 715 1448 ad
737 1400 887 1448 oceanum
916 1401 950 1447 sa
972 1382 1160 1464 porrigeret.
1204 1382 1303 1448 Plane

250 1494 313 1558 alia
335 1499 446 1561 narrat
468 1493 599 1574 Strabo,
631 1512 700 1559 cum
725 1494 888 1559 Asturiam
917 1500 951 1559 et
973 1493 1163 1560 Callaeciam
1194 1499 1303 1577 partes

250 1606 318 1670 eius
340 1625 410 1672 esse
433 1606 531 1672 dicat.

335 1717 457 1795 Quibus
491 1718 586 1783 rebus
609 1717 762 1799 expositis
793 1717 856 1782 iam
887 1718 920 1782 id
951 1717 1041 1783 nobis
1063 1717 1219 1800 agendum
1245 1722 1304 1798 est,

248 1837 284 1894 nt
306 1835 495 1910 statuamus,
518 1830 589 1911 quis
611 1830 654 1894 sit
676 1835 797 1906 auctor,
819 1846 912 1910 quem
937 1828 1051 1895 Strabo
1074 1829 1105 1893 in
1129 1830 1302 1910 depingen-

247 1941 298 2005 dis
320 1940 495 2021 Hispaniae
515 1939 663 2005 litoribus
686 1944 847 2020 sequatur.
892 1940 994 2018 Quam
1017 1941 1234 2022 quaestionem
1255 1941 1302 2005 ita

249 2070 307 2116 nos
329 2052 495 2134 aptissime
517 2051 723 2117 instituturos
754 2069 824 2116 esse
853 2051 982 2133 opinor,
1014 2061 1050 2115 ut
1072 2052 1302 2134 perlustramus

249 2181 356 2228 omnes
387 2168 548 2242 auctores,
587 2180 723 2242 quorum
762 2162 793 2228 in
824 2161 884 2228 hoc
915 2161 1011 2228 tertio
1044 2161 1126 2229 libro
1163 2163 1302 2230 occurrit

250 2273 378 2339 mentio.
423 2272 569 2338 Oitantur
591 2278 708 2353 antem,
732 2273 759 2339 si
782 2271 948 2338 nonnullos
970 2273 1075 2341 obiter
1096 2279 1221 2340 tanturm
1243 2276 1300 2339 ad-

250 2383 368 2450 hibitos
390 2383 541 2463 omiseris,
563 2384 613 2449 hi:
636 2384 883 2464 Eratosthenes,
904 2384 1073 2468 Polybius,
1096 2385 1301 2467 Asclepiades

251 2494 442 2579 Myrleanus,
465 2495 686 2561 Artemidorus
709 2495 876 2578 Ephesius,
900 2495 1095 2564 Posidonius.

335 2607 382 2672 De
412 2607 626 2675 Eratosthene
655 2608 789 2690 cogitari
822 2627 882 2673 non
912 2628 1006 2691 posse
1035 2609 1200 2677 Strabonis
1231 2611 1301 2693 ipsa

248 2719 344 2784 verba
367 2725 529 2788 testantur
552 2719 592 2784 11.
618 2721 646 2798 1,
668 2721 708 2786 41
733 2739 765 2801 p.
788 2720 829 2785 93
852 2719 892 2786 G:
924 2717 981 2784 aui
1003 2721 1057 2784 νῦν
1080 2711 1119 2783 d''
1143 2716 1297 2807 εἰρήσθω,

247 2822 297 2894 ὅτι
320 2827 378 2896 καὶ
404 2827 613 2916 Τιμοσθένης
635 2829 692 2895 καὶ
710 2823 943 2916 Ἐρατοσθένης
963 2830 1021 2897 καὶ
1052 2826 1082 2896 oi
1106 2826 1155 2896 ἔτι
1177 2827 1299 2896 τούτων

246 2937 402 3028 πρότεροι
425 2934 545 3019 τελέως
566 2933 699 3029 ἠγνόουν
720 2936 762 3006 cu'
787 2965 822 3006 τε
842 2934 983 3028 Ἰβηρικὰ
1007 2939 1127 3007 καὶτὰ
1149 2938 1297 3007 Κελτικά

248 3061 280 3120 et
301 3055 343 3120 ΙΙ.
365 3056 397 3132 4,
418 3055 440 3120 4
461 3073 491 3136 p.
517 3055 577 3120 107
591 3033 644 3120 ’οι
675 3049 775 3118 πάλιν
798 3050 835 3118 δὲ
857 3056 953 3118 τοῦτο
978 3039 1043 3138 Ιμὲν
1065 3046 1176 3140 ὀρθῶς
1205 3047 1294 3118 ἀπο-

249 3160 399 3250 φαίνεται
421 3167 478 3246 (sc.
502 3159 728 3248 tholdanos),
750 3158 802 3231 ὅτι
824 3158 934 3249 ἀγνοεῖ
956 3162 998 3230 τὰ
1010 3157 1151 3252 Ἰβηρικὰ
1174 3158 1298 3251 ὁἘρα-

249 3272 417 3363 τοσθένης.

333 3388 498 3472 Polybium
531 3395 569 3454 ut·
602 3389 785 3471 reiciamus,
817 3390 976 3473 cogimur,
1009 3390 1093 3470 quod
1126 3390 1298 3456 secundum
1335 3426 1337 3430 ·

248 3500 351 3567 Strab.
374 3501 415 3567 Il.
438 3503 469 3584 4,
489 3503 512 3568 4
533 3521 565 3582 p.
589 3501 650 3569 107
674 3500 708 3566 0.
742 3501 825 3566 inter
847 3501 1042 3584 Pyrenaeum
1075 3508 1107 3566 et
1130 3502 1298 3568 Columnas

246 3614 287 3677 ad
310 3613 395 3680 8000
417 3619 475 3692 st,
507 3612 623 3694 peripli
655 3618 760 3679 autem
794 3619 905 3680 auctor
931 3614 990 3679 ΙΙΙ.
1014 3615 1050 3694 1,
1081 3614 1101 3678 3
1123 3633 1154 3695 p.
1179 3613 1239 3679 137
1263 3612 1298 3678 0.

247 3723 331 3791 6000
352 3730 392 3790 st.
415 3725 571 3790 interesse
591 3725 748 3807 perhibet.

331 3836 422 3901 Idem
455 3837 543 3902 cadit
576 3837 608 3902 in
631 3837 854 3919 Asclepiadem
881 3836 1089 3919 Myrleanum,
1121 3856 1182 3903 non
1218 3842 1297 3917 tam,

249 3947 331 4027 qnod
360 3966 473 4029 pamm
506 3947 670 4016 adhibitus
702 3949 745 4013 sit
776 3947 992 4028 aStrabone,
1024 3968 1119 4032 qnam
1149 3951 1234 4032 qnod
1264 3948 1296 4013 in

249 4055 328 4124 libro
350 4060 390 4126 de
413 4059 628 4126 Turdetaniae
658 4060 805 4141 gentibus
827 4059 1001 4142 composito
1032 4063 1072 4126 ad
1096 4069 1207 4144 gentes
1228 4066 1297 4126 tan·
