3292 5006
635 438 848 505 ..95-

305 609 428 687 Quibus
450 610 544 675 rebus
567 611 703 675 nondum
728 608 941 675 demonstrari
963 608 1061 674 etiam
1089 609 1174 691 apud
1197 607 1273 673 Dio·

220 724 332 788 dorum
347 722 585 788 Artemidorum
608 727 769 788 auctorem
786 739 855 787 esse
877 709 1010 806 propt'er
1025 738 1140 787 causas
1155 719 1272 786 iterum

219 835 399 914 iterumque
413 833 555 915 prolatas
576 851 667 898 nemo
683 832 821 913 negabit.
866 832 927 898 Sed
944 833 1068 898 accedit
1083 832 1170 898 aliud
1186 832 1271 913 quid.

219 945 391 1011 Possumus
422 945 505 1010 euim
539 945 623 1026 apud
652 944 826 1009 Diodorum
861 944 939 1009 duos
977 948 1123 1009 auctores
1155 943 1272 1008 iterum

220 1056 424 1138 distinguere,
447 1056 595 1136 quoniam
611 1056 669 1121 ΙΙΙ.
684 1056 748 1136 8,1
773 1057 964 1120 adversatur
985 1055 1040 1118 Ill.
1059 1056 1154 1134 10,1.
1193 1049 1292 1119 Oum'

219 1168 301 1232 onim
325 1167 428 1248 priore
450 1167 518 1232 loco
541 1173 689 1232 narretur
719 1166 814 1232 aliam
838 1167 966 1249 gentem
989 1165 1183 1247 Aethiopum
1208 1165 1272 1229 Nili

219 1279 306 1359 ripas
326 1279 416 1360 ipsas
438 1279 595 1358 habitare,
618 1277 712 1343 aliam
735 1278 778 1343 ad
800 1295 963 1358 occasum,
985 1277 1081 1342 aliam
1104 1277 1146 1340 ad
1168 1277 1270 1342 orien-

219 1393 283 1456 tem
306 1391 398 1455 sedes
419 1388 552 1470 habere,
585 1389 703 1470 legitur
724 1389 782 1455 III.
809 1389 860 1470 10,
884 1391 900 1454 l
924 1388 1059 1472 Libycos
1082 1393 1115 1455 et
1137 1389 1271 1454 Aethio-

219 1520 278 1581 pas
311 1507 433 1567 certare
467 1503 506 1567 de
537 1501 603 1566 Nili
636 1501 726 1583 ripis.
770 1500 839 1566 Hoc
872 1505 979 1566 autem
1012 1500 1169 1565 consentit
1201 1519 1273 1566 cum

220 1611 373 1676 Strabone
395 1611 496 1678 XVII.
520 1614 550 1694 2,
573 1614 593 1677 3
615 1613 657 1678 iu.
679 1632 709 1694 p.
726 1613 789 1677 822
813 1612 846 1678 0.
893 1613 1008 1694 ltaque
1029 1613 1183 1695 quaestio,
1208 1613 1273 1678 utri

220 1723 378 1788 Diodorus
400 1724 515 1789 debeat
538 1723 595 1800 111.
619 1722 734 1802 6-10‚
758 1725 795 1800 1,
817 1723 1046 1804 Agatharchidi
1070 1743 1110 1788 au
1134 1724 1272 1789 Artemi-

219 1834 305 1912 doro,
327 1835 372 1899 sic
394 1835 602 1916 disceptanda
624 1841 689 1916 est,
714 1842 749 1898 ut
770 1834 828 1899 Ill.
853 1834 952 1915 6-73
976 1835 1006 1916 8,
1028 1835 1145 1915 4-10,
1170 1839 1186 1900 1
1211 1837 1272 1900 Ar·

219 1945 390 2027 temidoro,
412 1947 470 2011 III.
495 1947 524 2028 8,
549 1947 631 2012 1-3
655 1947 886 2028 Agatharchidi
917 1947 1112 2012 addicamus.
1167 1948 1270 2025 Quam

218 2059 260 2121 ad
293 2076 359 2123 rem
392 2059 511 2139 optime
552 2059 707 2140 quadrat,
742 2062 774 2122 et
804 2059 889 2140 quod
923 2058 979 2125 ΙΙΙ.
1008 2058 1047 2138 8,
1082 2059 1164 2123 1-3
1199 2077 1270 2123 cum

221 2168 385 2234 Strabonis
409 2169 513 2235 verbis
536 2168 614 2232 nihil
637 2169 802 2249 consentit,
824 2176 857 2234 et
880 2170 1066 2251 quodlll.'l
1090 2170 1199 2235 eadem
1222 2171 1271 2233 di·

221 2280 312 2345 cendi
335 2281 416 2346 ratio
447 2280 602 2361 occurrit,
632 2299 727 2363 quam
743 2280 774 2345 .1.
798 2280 849 2361 33,
871 2281 957 2347 2-4
979 2282 1170 2362 reperimus;
1202 2300 1271 2346 sae·

219 2391 349 2472 pissime
371 2392 453 2457 enim
476 2387 633 2474 λέγουσιν,
656 2386 766 2476 φασίν,
790 2392 907 2457 similia
929 2391 1074 2475 legimus.

305 2503 412 2569 Etiam
435 2504 453 2585 ξ
474 2504 497 2569 4
518 2523 548 2585 p.
564 2503 627 2569 823
650 2502 683 2568 0.
707 2522 745 2568 ex
772 2503 882 2569 eodem
912 2502 998 2568 fonte
1020 2503 1148 2570 fluxisse
1171 2505 1271 2588 Vogel

149 2599 152 2606 ⁵
220 2614 388 2680 existimat.
433 2614 666 2680 Perlustremus
688 2623 796 2682 autem
819 2616 959 2698 singula,
991 2617 1174 2700 priusquam
1198 2637 1269 2683 eum

219 2744 397 2807 sequamur.
442 2726 681 2808 comparandus
704 2733 845 2794 osteum
869 2727 929 2802 bac
954 2729 1155 2810 paragrapho
1179 2729 1270 2794 Diod.

221 2840 245 2903 Ι.
269 2839 320 2919 34,
343 2839 397 2903 ubi
412 2837 478 2902 fore
500 2840 630 2905 eaedem
645 2839 775 2920 plantae
791 2839 1022 2917 describuntur,
1045 2857 1126 2920 quae
1149 2840 1271 2906 aStra·

219 2950 316 3016 bone:
340 2945 452 3031 λωτός,
475 2946 638 3038 κιβώριον,
662 2951 747 3016 uude
765 2946 898 3035 κύαμος,
922 2947 1057 3037 magoda,
1081 2945 1273 3035 συκάμινος,

219 3057 386 3146 μοξάριον,
409 3065 494 3144 apud
519 3063 706 3128 Strabonem
728 3056 872 3145 κύαμος,
896 3063 980 3127 uude
1001 3055 1168 3147 κιβώριον,
1190 3056 1269 3144 βύβ-

221 3172 286 3254 λος,
310 3169 445 3261 περοὲα,
469 3168 655 3258 συκάμινος,
679 3174 763 3239 unde
787 3167 981 3261 σοκόμορος,
1004 3167 1155 3256 κόρσιον,
1188 3168 1269 3259 apoi-
1390 3194 1394 3202 ·

219 3307 312 3370 γημα.
363 3287 477 3369 Itaque
511 3304 571 3350 nou
605 3286 725 3367 optime
757 3286 842 3351 inter
874 3303 909 3350 se
938 3285 1155 3364 consentiunt,
1189 3303 1271 3366 quae

220 3400 352 3481 uterque
381 3399 518 3480 scriptor
547 3391 665 3463 narrat.
710 3397 887 3464 Secundum
911 3396 1085 3462 Diodorum
1116 3394 1270 3462 ciborium

219 3516 367 3590 procreat
389 3528 549 3591 cyamum,
580 3510 753 3576 secuudum
776 3514 884 3574 autem
907 3508 1093 3574 Strabonem
1117 3507 1270 3573 ciborium

219 3621 370 3702 originem
401 3622 490 3688 ducit
522 3640 542 3687 a
572 3640 692 3705 cyamo.
754 3622 821 3686 lam
860 3641 936 3687 vero
972 3620 1132 3703 sycamioo
1169 3619 1271 3684 tradit

220 3732 378 3798 Diodorus
393 3750 551 3815 pauperes
573 3751 630 3814 per
645 3738 748 3798 totum
770 3752 888 3798 annum
909 3732 1005 3814 vesci,
1029 3730 1145 3796 Strabo
1161 3734 1269 3795 autem

220 3845 260 3908 de
282 3863 319 3909 eo
342 3844 435 3909 dicit:
468 3838 586 3927 ἄτιμον
616 3835 647 3906 d'
672 3839 742 3908 ἐστὶ
772 3840 857 3908 κατὰ
885 3840 942 3930 τὴν
962 3842 1080 3927 γεῦσιν.
1124 3841 1195 3907 Huc
1218 3859 1270 3906 ac·

219 3949 323 4036 cedit,
353 3957 439 4036 quod
466 3973 548 4038 quae
581 3955 765 4036 singillatim
796 3957 836 4021 de
870 3954 1026 4021 lructibus
1056 3951 1270 4034 proferuntur,

219 4065 306 4133 haud
321 4067 367 4132 ita
389 4072 537 4134 accurate
559 4065 642 4132 iuter
664 4085 698 4133 se
715 4067 923 4133 consentiunt.
967 4065 1037 4132 Hoc
1058 4065 1158 4149 igitur
1179 4082 1270 4151 aper·
