3292 5006
814 391 1023 460 ..ram

395 560 460 648 πρὸ
477 564 535 628 τοῦ
554 557 717 648 στόματος
718 613 804 644 .....
821 559 927 642 τόπος
944 561 1033 630 ἐστὶν
1045 559 1170 640 Ἀσιιὶς
1185 561 1242 629 καὶ
1257 560 1352 649 λιμὴν
1367 559 1446 629 κάλ-

394 674 527 752 λιστος.
541 726 548 740 .
562 725 569 740 .
582 725 589 739 .
602 671 667 756 ἒςει
678 673 716 740 δὲ
726 673 764 740 τὸ
775 672 898 760 μεταξὺ
909 672 1074 761 διάστημα
1087 673 1144 741 καὶ
1159 671 1294 759 λιμένας
1311 667 1346 741 αὖ
1362 676 1445 740 πολ-

395 786 479 866 λοὺς,
494 781 609 874 λδρεῖιί
623 809 658 852 ce
674 784 808 852 σπάνια.
849 789 922 871 §22
934 795 1011 853 extr.
1023 807 1054 870 p.
1072 788 1134 853 838
1147 787 1188 854 O:
1212 783 1380 870 παραλία.
1437 838 1444 852 .

397 890 434 962 αὖ
457 893 545 963 πάνυ
566 890 812 983 εὖνιαραῖπλους·
836 897 893 964 καὶ
907 896 968 987 γὰρ
990 895 1117 984 λιμένες
1137 893 1241 983 ὀλίγοι
1262 897 1319 964 καὶ
1340 892 1445 987 ῧφαρ-

393 1032 460 1092 μοι,
557 1005 717 1096 Ζεφύριον
750 1006 941 1098 πρόσορμον
970 1005 1058 1090 abab,
1089 1005 1296 1096 Χερρόνησος
1328 1010 1444 1095 λιμένα

394 1116 529 1200 dhonon·
552 1112 624 1186 εἶτα
641 1119 742 1206 μέγας
757 1117 853 1211 λιμήν
853 1171 945 1201 .....
967 1118 1050 1207 μετὰ
1073 1120 1110 1187 δὲ
1131 1119 1189 1187 τὸν
1210 1119 1312 1206 μέγαν
1328 1119 1445 1207 λιμένα

397 1227 496 1309 ἄλλος
518 1231 615 1320 λιμὴν
636 1233 774 1312 Πλῦνος.

304 1418 306 1421 .
479 1346 619 1423 Quarum
636 1365 742 1412 rerum
759 1347 882 1412 ratione
896 1345 1007 1412 habita
1024 1347 1168 1427 quaestio
1184 1345 1224 1412 de
1239 1345 1325 1412 illius
1342 1347 1444 1412 circu·

333 1538 335 1544 ¹
395 1457 460 1524 itus
476 1457 630 1540 scriptore
650 1459 859 1540 disceptanda
877 1463 935 1524 est.
971 1460 1016 1524 Ac
1033 1458 1170 1540 primum
1187 1459 1227 1524 de
1242 1458 1446 1524 Artemidoro

395 1570 599 1651 cogitandum
622 1576 680 1649 est,
703 1588 796 1651 quem
819 1570 956 1637 sciamus
978 1569 1038 1634 hoc
1059 1569 1136 1636 litus
1159 1569 1198 1636 ab
1222 1569 1369 1636 Herculis
1391 1589 1443 1637 co·

393 1681 509 1746 lumnis
531 1681 733 1763 incipientem
757 1668 931 1762 enarrasse,
954 1682 1105 1764 cuiusque
1127 1700 1225 1763 supra
1239 1681 1365 1748 abunde
1387 1684 1444 1748 de-

394 1793 635 1860 monstraverim
652 1793 696 1876 (p.
711 1794 745 1877 6)
768 1794 1009 1874 descriptionem
1033 1792 1174 1859 eiusdem
1198 1793 1313 1859 indolis
1334 1793 1444 1875 fuisse,

393 1910 490 1986 atque
511 1905 597 1972 hunc
617 1905 787 1986 periplurn.

477 2016 588 2082 Potest
611 2021 718 2082 autem
742 2016 918 2082 certissime
939 2015 1041 2082 evinci
1070 2015 1152 2081 hanc
1174 2020 1316 2082 nostram
1339 2017 1443 2099 suspi-

393 2129 513 2195 cionem
536 2133 655 2195 rectum
678 2147 716 2194 ac
739 2146 846 2193 ueram
869 2145 947 2192 esse.
993 2126 1135 2192 Primum
1158 2128 1240 2192 enim
1264 2128 1328 2192 iam
1344 2146 1444 2212 supra

393 2240 437 2322 (p.
455 2243 505 2322 17,
522 2239 576 2322 18)
600 2239 815 2306 demonstravi
831 2239 939 2320 priora
954 2257 980 2304 e.
994 2241 1024 2317 3,
1048 2240 1068 2307 6
1085 2258 1115 2321 p.
1132 2238 1194 2306 827
1215 2237 1248 2305 C.
1271 2240 1369 2306 verba
1385 2236 1443 2316 Εἰς

394 2480 471 2528 esse.
517 2462 640 2530 Deinde
663 2463 843 2530 accuratius
865 2448 892 2529 c.
913 2464 942 2542 1,
963 2464 983 2529 6
1007 2481 1173 2529 mensuras
1195 2469 1442 2545 perscrutemur.

393 2575 440 2638 Ac
461 2575 598 2655 primum
621 2574 736 2654 dicam,
766 2575 844 2655 quid
866 2575 905 2638 de
927 2575 1051 2658 vogelii
1073 2575 1232 2640 sententia
1254 2574 1444 2657 existimem,

395 2685 461 2767 qui,
491 2703 560 2750 uum
584 2685 826 2752 Eratosthenem
857 2687 988 2752 eandem
1011 2705 1190 2751 mensuram
1212 2685 1384 2752 tradidisse
1407 2707 1446 2751 ex

393 2794 486 2861 huius
508 2796 623 2878 capitis
646 2797 745 2880 §20
767 2818 798 2881 p.
814 2799 877 2863 786
898 2803 1031 2878 constet,
1057 2797 1141 2862 hunc
1162 2795 1260 2862 fuisse
1281 2795 1443 2863 auctorem

394 2909 566 2975 contendit.
609 2909 668 2976 Oui
690 2910 838 2975 assentiri
865 2928 994 2992 nequeo.
1038 2908 1143 2991 Ipsius
1170 2909 1254 2974 enim
1277 2908 1445 2975 Strabonis

391 3019 491 3086 verba
501 3021 519 3102 §
531 3021 552 3086 2
563 3041 594 3102 p.
608 3021 670 3087 786
680 3011 959 3107 ΟεἝρατοσθένης
970 3017 1030 3104 μὲν
1043 3009 1097 3085 οὖν
1108 3012 1210 3096 οὕτως
1221 3021 1443 3087 demonstrant

392 3131 635 3216 Eratosthenem
659 3132 691 3198 in
720 3133 781 3199 hoo
802 3133 908 3213 capite
931 3149 1087 3212 nusquam
1118 3131 1178 3197 nisi
1210 3131 1241 3197 in
1265 3131 1443 3213 hacpara·

392 3244 513 3326 grapho
536 3245 816 3334 adhibitum-esse.
861 3244 904 3309 Et
926 3263 961 3308 re
983 3263 1059 3310 vera
1081 3262 1128 3323 ea,
1150 3262 1232 3326 quae
1254 3243 1443 3309 Eratosthe-

293 3437 294 3440 ,
392 3373 449 3420 nes
477 3357 517 3420 de
539 3356 686 3440 Aegypto
718 3355 885 3436 disseruit,
914 3355 946 3420 in
975 3355 1099 3435 reliqua
1130 3360 1199 3420 tota
1229 3354 1444 3438 descriptione

394 3466 559 3532 Strabonis
575 3467 721 3548 neglecta
742 3472 826 3546 sunt,
848 3467 899 3532 cui
921 3467 967 3533 rei
983 3466 1111 3531 minime
1133 3466 1334 3547 adversatur,
1357 3468 1442 3549 quod
1480 3533 1483 3540 λ

393 3580 411 3661 8
436 3578 476 3643 19
497 3599 529 3660 p.
547 3579 611 3646 802
633 3577 665 3643 G.
689 3577 918 3645 Eratosthenes
940 3578 1100 3644 laudatur.
1155 3579 1243 3643 Haec
1271 3597 1309 3643 ex
1339 3577 1444 3643 altera

393 3701 596 3709 ———

481 3769 511 3848 1)
533 3769 690 3845 Vogelium
720 3790 772 3830 suo
794 3770 860 3829 iure
889 3775 983 3829 totam
1009 3770 1228 3848 paragraphum
1251 3769 1441 3829 Artemidoro

392 3857 533 3928 tribuere,
554 3857 598 3916 ita
619 3862 653 3916 ut
675 3856 755 3933 apud
779 3875 844 3915 eum
859 3854 1059 3915 Timosthenis
1082 3857 1174 3916 verba
1195 3855 1286 3914 fnisse
1309 3860 1441 3915 statuen-

392 3943 461 4000 dum
485 3942 532 4015 sit,
555 3963 593 4003 ex
614 3942 671 4015 iis,
702 3961 778 4022 quae
808 3961 897 4021 supra
919 3944 959 4019 (p.
977 3947 1027 4016 31,
1051 3943 1103 4023 62)
1132 3942 1168 4000 da
1190 3941 1381 4002 Timosthena
1412 3949 1443 4004 et

392 4029 539 4090 Strabone
561 4028 696 4104 disserui,
719 4035 853 4110 apparet.
