3300 5018
646 489 853 555 ..43-

225 658 334 742 Neque
349 660 408 726 hoc
423 661 661 744 neglegendum,
677 663 771 743 quod,
791 661 901 744 quanti
918 668 1042 727 ematur
1057 662 1150 743 adea,
1166 667 1275 728 exacte

226 771 360 838 dicitur:
393 767 620 848 ταλαντιαίους
641 773 717 854 γοῦν
738 764 893 836 ὠνοῦνται
917 770 994 849 τούς
1015 770 1126 857 κριούς
1147 769 1194 851 εἰς
1216 771 1276 851 τὰς

226 875 344 963 ὀχείας.

312 994 482 1078 Postquam
505 996 692 1076 statuimus,
725 997 779 1062 ubi
802 995 952 1078 Polybius
975 996 1120 1062 adhiberi
1144 1004 1276 1079 coeptus

226 1105 285 1188 sit,
319 1104 475 1187 reliquum
507 1113 573 1186 est,
603 1114 656 1186 nt,
688 1125 850 1191 quousque
882 1107 1047 1173 adhibitus
1078 1109 1138 1189 sit,
1178 1110 1275 1174 certis

225 1216 341 1283 linibus
363 1219 667 1285 circumscribamus,
711 1218 803 1296 Quod
826 1237 1016 1303 quamquam
1039 1219 1167 1286 inuictis
1182 1239 1276 1302 argu-

227 1329 342 1394 mentis
375 1329 586 1395 demonstrari
619 1349 678 1395 non
712 1337 837 1412 potest,
870 1336 976 1395 tamen
1010 1331 1273 1397 verisimillimum

225 1447 304 1522 puto
327 1446 401 1507 ante
423 1443 441 1523 ξ
463 1443 484 1508 9
506 1461 537 1524 p.
555 1443 614 1508 147
639 1441 690 1524 0.,
712 1441 767 1506 ubi
789 1441 977 1508 Posidonius
1000 1441 1164 1522 laudatur,
1189 1442 1277 1508 Stra·

226 1531 338 1616 bonam
362 1552 479 1618 nullum
502 1553 599 1618 alium
622 1558 783 1618 auctorem
806 1559 949 1618 secutum
972 1572 1051 1620 esse.

312 1663 382 1739 Qua
403 1683 438 1730 re
461 1662 603 1745 perlecta
622 1665 775 1746 indagare
794 1665 939 1745 studebo,
961 1666 1050 1730 uude
1069 1666 1183 1732 Strabo
1206 1685 1232 1732 c.
1247 1667 1277 1744 3,

226 1776 312 1840 6-8
336 1795 364 1856 p.
384 1775 551 1841 154-156
574 1777 607 1842 C.
631 1776 783 1843 hauserit.
829 1777 920 1856 Quod
943 1783 980 1842 ut
1002 1783 1181 1858 statuatur,
1212 1779 1276 1859 pri-

225 1905 312 1950 mum
336 1905 406 1953 cum
431 1887 587 1953 Strabone
608 1889 822 1968 comparanda
844 1894 927 1968 suut,
952 1906 1034 1969 quae
1056 1888 1215 1955 Diodorus
1236 1889 1276 1955 V.

226 1999 356 2064 33-34
389 1999 429 2064 dc
462 1999 572 2064 cadem
605 2007 699 2081 geute
731 1998 860 2080 profert.
906 2003 1011 2080 Atque
1044 1998 1137 2065 facile
1171 2019 1278 2065 omnes

226 2111 401 2176 concedent
423 2110 551 2176 minime
582 2110 666 2176 inter
688 2110 746 2176 has
769 2111 997 2193 descriptiones
1020 2117 1144 2176 tantam
1167 2111 1278 2176 simili·

225 2221 370 2286 tudinem
403 2221 615 2304 intercedere,
647 2227 799 2303 quantam
832 2227 915 2287 inter
937 2221 1097 2287 Posidonii
1120 2220 1279 2304 fragmen-

226 2340 296 2396 tum
320 2335 404 2415 apud
428 2333 614 2400 Strabonem
637 2352 664 2400 c.
686 2334 716 2412 2,
740 2334 760 2398 9
780 2352 812 2415 p.
831 2334 892 2400 149
908 2333 940 2399 d.
964 2339 1125 2400 servatum
1148 2339 1182 2397 et
1203 2332 1279 2397 Dio-

225 2447 339 2510 dorum
372 2443 416 2529 (p.
434 2444 499 2529 27).
556 2445 617 2510 Sed
648 2463 687 2510 ne
715 2445 755 2510 de
788 2443 920 2526 siugulis
950 2445 1077 2526 quidem
1110 2443 1204 2510 rebus
1232 2445 1280 2510 ita

225 2555 439 2637 consentiunt,
462 2562 498 2621 ut
520 2555 705 2622 concludere
727 2556 831 2637 liceat,
854 2557 989 2622 eundem
1013 2558 1199 2640 scriptorem
1223 2558 1280 2622 ad·

225 2666 363 2732 bibitum
386 2685 472 2748 esse;
503 2669 543 2733 de
566 2667 736 2734 levioribus
767 2674 892 2734 tantum
915 2669 1009 2735 rebus
1032 2669 1116 2736 idem
1140 2677 1279 2745 narrant,

226 2780 316 2845 velut
331 2780 372 2844 de
397 2779 520 2860 clipeis:
545 2779 648 2845 Strab.
666 2781 684 2862 ξ
700 2780 720 2844 6
735 2800 765 2861 p.
786 2781 846 2847 154
861 2781 900 2846 C:
923 2772 1082 2846 ἀσπίδιον
1104 2775 1138 2845 δ’
1163 2773 1280 2857 αὐτούς

227 2885 347 2954 δίπουν
361 2885 444 2970 ἔχειν
465 2889 522 2978 τὴν
537 2885 711 2975 διάμετρον
725 2922 767 2944 =
784 2891 875 2956 Diod.
891 2891 929 2957 V.
945 2893 996 2972 34,
1018 2894 1056 2957 4:
1081 2894 1218 2979 φοροῦσι
1242 2890 1261 2955 δ
1270 2883 1279 2910 ’

228 2999 263 3066 ἐν
286 3004 358 3079 τοῖς
380 3000 541 3087 πολέμοις
563 3000 688 3079 πέλτας
709 2997 845 3089 μικροίς;
867 3003 918 3068 vel
942 3003 981 3067 de
1004 3003 1150 3069 saltando
1174 3002 1281 3067 Strab.

227 3115 342 3196 §lp
360 3115 421 3181 155
446 3113 495 3180 (λε
528 3112 585 3179 καὶ
613 3111 706 3199 παρὰ
735 3109 839 3178 πότον
869 3112 1040 3200 ὀρχοῦνται
1069 3111 1154 3199 πρὸς
1184 3106 1281 3176 αύλδν

228 3224 283 3290 καί
307 3221 474 3309 σάλπιγγα
494 3221 688 3310 χορεύοντες,
718 3217 879 3290 ἀλλὰκαὶ
902 3217 1117 3308 ἀναλλύμενοι
1146 3222 1201 3289 καὶ
1224 3216 1280 3288 ὄκ-

229 3333 383 3418 λοίζσντες
412 3369 455 3390 =
478 3337 567 3403 Diod.
590 3337 628 3402 V.
650 3337 702 3417 34,
726 3338 764 3402 5:
799 3332 1024 3422 ἐπιτηδεύουσι
1049 3334 1085 3401 δὲ
1107 3333 1189 3400 κατὰ
1222 3333 1282 3420 μὲν

227 3447 285 3536 τὴν
307 3445 433 3535 εἰρήνην
456 3442 586 3534 ύρχησίν
608 3471 680 3512 τινα
703 3443 826 3533 κούφην
849 3445 905 3512 καὶ
920 3445 1135 3534 περιέχουσαν
1157 3440 1282 3534 πολλὴν

227 3554 375 3626 εύτονίαν
397 3558 529 3640 σκελῶν,
561 3557 596 3624 ἐν
626 3557 663 3624 δὲ
685 3561 756 3636 τοῖς
779 3558 940 3642 πολέμοις
963 3557 1048 3645 πρὸς
1071 3555 1200 3648 ῥυθμὸν
1221 3555 1281 3641 ἒμ-

228 3668 387 3754 βαίνουσι.

313 3784 522 3849 Inveniuntur
539 3788 658 3864 autem,
681 3802 762 3866 quae
780 3785 862 3848 iuter
883 3801 918 3847 sc
936 3783 1143 3849 dissentiant:
1167 3783 1281 3848 Strabo

229 3899 247 3979 ξ
267 3898 285 3961 6
308 3916 338 3978 p.
356 3896 418 3960 154
432 3895 473 3961 0:
498 3889 634 3959 σπάνιοι
649 3943 717 3959 ....
739 3893 879 3976 χρῶνται
902 3890 958 3958 καὶ
973 3891 1169 3979 τριλοφίαις,
1193 3889 1223 3959 οἱ
1244 3887 1277 3957 δ’

229 4002 324 4072 ittam
347 4002 502 4092 νευρίνοις
524 4000 684 4091 κράνεσιν,
707 4011 738 4070 et
754 3997 847 4071 Diod.
867 4005 905 4070 V.
928 4006 980 4085 33,
1003 4008 1040 4072 3:
1065 4003 1143 4091 περὶ
1165 4004 1202 4070 δὲ
1223 4004 1283 4082 τδς

229 4117 376 4207 κεφαλὰς
405 4113 506 4207 κροίνη
535 4116 640 4199 χαλκᾶ
672 4113 900 4202 περιτίθενται
930 4120 1095 4206 φοινικοῖς
1118 4109 1281 4206 ἠσκημένα
