3300 5018
626 473 835 536 ..49-

206 643 242 708 V.
259 643 315 723 783
338 641 420 708 Ptol.
437 644 474 709 V.
493 642 543 725 15,
558 644 587 707 4.
631 643 781 708 Eiusdem
798 644 932 726 denique
947 642 1077 725 originis
1099 644 1254 725 reliquam

207 754 308 819 litoris
324 755 548 836 descriptionis
571 761 694 836 partem
718 773 796 836 esse,
819 755 1080 820 verisimillimum
1104 761 1161 837 est,
1184 775 1254 820 curn
1336 783 1339 789 ¹

208 865 284 930 nihil
317 866 510 945 inveniatur,
543 867 626 948 quod
660 871 770 931 contra
807 866 887 932 hauc
925 867 1114 932 sententiam
1147 866 1253 931 faciat.

207 977 331 1041 Finitur
360 977 503 1060 periplus
532 978 550 1058 ξ
573 979 614 1042 33
645 996 676 1059 p.
699 977 760 1044 760
791 977 825 1043 O.
857 978 960 1043 verbis
988 971 1120 1062 τοιαύτη
1146 975 1207 1061 μὲν
1237 971 1258 1062 ἦ

211 1084 354 1172 Φοινίκη.

291 1199 369 1265 Cum
393 1200 672 1266 demonstraverim
696 1199 819 1266 initium
844 1200 917 1265 inde
940 1220 959 1264 a
981 1201 1000 1283 S
1025 1201 1064 1266 12
1086 1221 1116 1282 p.
1134 1202 1196 1267 753
1219 1200 1254 1266 0.

206 1330 265 1375 non
291 1311 545 1376 Artemidoreum
569 1329 653 1393 esse,
682 1312 742 1376 hoc
771 1312 810 1375 de
834 1318 900 1376 toto
933 1329 1025 1377 cursu
1047 1313 1253 1378 statuendum

207 1430 265 1488 est.
311 1422 403 1498 Quod
426 1442 488 1487 uno
510 1423 588 1504 loco,
611 1443 704 1505 quem
727 1422 868 1488 conferre
892 1441 1070 1505 possumus,
1092 1422 1256 1490 confirma·

207 1543 269 1599 tur.
314 1535 389 1616 §27
406 1554 435 1615 p.
453 1535 514 1600 158
530 1533 562 1600 C.
587 1535 667 1598 enim
691 1535 774 1598 inter
790 1535 880 1598 Aken
904 1540 937 1599 et
960 1535 1118 1600 Stratonis
1140 1536 1255 1601 turrim

207 1653 433 1712 enumerantur
463 1645 626 1712 Carmelus
658 1652 691 1709 et
722 1645 839 1727 oppida
869 1645 1076 1727 Sycaminon‚
1105 1647 1282 1728 -Β111111,’

206 1758 400 1825 Crocodilon.
445 1757 627 1839 Stephanus
652 1762 758 1821 autem
782 1757 955 1839 Byzantius
988 1758 1138 1822 nonnulla
1161 1759 1258 1824 verba

205 1871 360 1952 epitomes
382 1869 579 1934 Artemidori
613 1869 752 1933 servavit
775 1887 799 1933 s.
823 1888 851 1933 v.
875 1871 992 1955 Δῶρος
1023 1869 1074 1952 (fr.
1100 1870 1175 1951 111)
1209 1889 1257 1935 se-

205 1983 342 2048 cundum
366 1966 446 2064 quae
476 1980 559 2044 inter
581 1980 761 2045 Carmelum
792 1988 824 2046 et
847 1979 1006 2045 Stratonis
1036 1982 1148 2045 turrim
1171 1981 1258 2045 Dora

205 2095 270 2157 sita
303 2100 361 2157 est.
414 2093 529 2157 Mirum
564 2100 663 2171 esset,
696 2093 724 2156 si
757 2092 873 2157 Strabo
905 2092 986 2156 hanc
1019 2111 1114 2156 unam
1148 2092 1258 2158 urbem
1293 2159 1295 2166 ,

206 2204 376 2285 omisisset,
399 2223 469 2268 cum
493 2203 582 2283 alias,
605 2222 738 2286 quarum
763 2205 888 2269 nomina
913 2210 1036 2268 tantum
1060 2209 1135 2269 nota
1157 2210 1258 2286 crant,

208 2318 477 2381 commemoraret.

294 2429 373 2492 Tum
398 2435 502 2492 autem
531 2427 606 2508 §33
621 2447 652 2508 p.
669 2425 732 2490 760
747 2427 780 2492 C.
803 2434 876 2509 posi
898 2421 1028 2512 τοιαύτη
1049 2423 1109 2510 μὲν
1132 2421 1151 2514 ἡ
1177 2432 1259 2492 drot-

204 2535 276 2624 νίκη
299 2545 476 2621 sequuntur
501 2537 701 2602 Artemidoro
724 2544 852 2603 auctore
884 2539 982 2603 citato
1006 2533 1101 2624 (φησὶ
1125 2530 1157 2601 δ’
1179 2529 1259 2620 ’Λρ-

206 2647 400 2737 tepidaque)
424 2669 589 2715 mansurae
612 2649 715 2714 litoris
737 2651 810 2714 indo
833 2649 997 2715 aOiliciao
1019 2648 1137 2716 finibus
1161 2668 1261 2730 usque

208 2765 251 2829 ad
272 2763 442 2830 Pelusium.
488 2761 546 2826 His
569 2763 646 2843 ipsis
662 2762 766 2827 verbis
789 2762 923 2827 indicari
946 2761 1024 2826 mihi
1048 2762 1174 2827 videtur
1190 2779 1260 2826 eum

208 2875 240 2937 in
264 2875 321 2953 iis,
353 2891 434 2954 quae
457 2874 659 2953 antecedunt,
682 2878 738 2938 aut
760 2872 885 2938 omnino
909 2891 968 2937 non
992 2872 1170 2937 adhibitum
1194 2889 1263 2937 1111

210 2991 267 3049 111
298 3003 380 3048 1111.
424 2986 495 3064 Qua
525 3003 595 3048 eum
628 3005 662 3048 re
694 2984 813 3064 optime
846 2983 1019 3063 consentit,
1050 2984 1133 3064 quod
1166 3003 1263 3065 supra

210 3098 428 3166 demonstrare
451 3096 569 3175 studui,
591 3096 644 3177 §8
668 3116 697 3176 p.
714 3095 774 3161 751
797 3095 830 3161 Ο.
853 3113 1014 3176 perpauca
1036 3095 1065 3159 ei
1089 3095 1259 3159 tribuenda

211 3228 293 3274 esse:
323 3227 513 3291 quamquam
546 3228 604 3273 non
628 3226 739 3288 negem
771 3213 959 3289 argumenta
993 3206 1092 3271 multo
1122 3205 1262 3272 firmiora

212 3328 245 3384 et
276 3303 413 3386 certiora
443 3319 631 3400 requirenda
662 3337 748 3398 esse,
779 3318 965 3399 priusquam
996 3323 1065 3383 tota
1092 3336 1143 3384 res
1174 3324 1264 3383 extra

214 3433 444 3497 dubitationem
475 3431 580 3512 posita
616 3431 675 3509 sit,
714 3436 836 3509 tamen,
866 3449 936 3494 cum
967 3436 1098 3511 propter
1127 3431 1264 3512 inopiam

215 3544 352 3610 omnium
369 3562 484 3621 rerum,
507 3560 588 3622 quae
611 3559 666 3606 nos
682 3541 803 3622 possint
826 3542 945 3621 iuvare,
967 3542 1008 3606 ad
1028 3549 1157 3606 certum·
1172 3541 1265 3606 finem

216 3655 379 3736 pervenire
408 3674 469 3719 non
498 3654 610 3733 liceat,
640 3654 693 3734 iis,
725 3671 807 3733 quae
830 3652 955 3717 interim
988 3653 1126 3718 assecuti
1148 3673 1265 3735 sumus,
1380 3655 1383 3659 ’

144 3813 148 3824 .
216 3767 356 3832 contenti
379 3784 446 3831 1111
463 3766 622 3831 debemus,
668 3765 730 3829 Sed
753 3763 848 3829 111111
864 3765 1079 3844 quaestionem
1103 3783 1152 3829 me
1174 3783 1266 3846 spero

218 3878 458 3960 profligaturum
481 3896 558 3953 esse,
590 3894 672 3956 quae
696 3875 801 3941 adhuc
821 3873 980 3942 occultata
1001 3880 1052 3940 est
1072 3883 1106 3940 et
1128 3877 1267 3942 tenebris

219 3989 417 4054 circumfusa.
470 3989 621 4053 Traditur
655 3988 737 4052 enim
769 3988 852 4052 idern
884 3987 1080 4052 Artemidori
1111 3986 1268 4070 fragmen-

221 4107 297 4184 tum,
320 4102 402 4183 quod
426 4101 478 4165 hic
500 4100 669 4205 habemus.
685 4100 782 4165 etium
804 4099 887 4165 XIV.
911 4100 942 4182 fi,
964 4093 984 4165 3
1007 4119 1037 4180 p.
1053 4099 1116 4163 610
1132 4098 1174 4180 O;
1197 4117 1267 4166 cum

1047 4209 1065 4264 4
